Details,Posting Date,Description,Amount,Type,Balance,Check or Slip #
DEBIT,01/22/2024,"POS DEBIT                PAYPAL *GITHUB INC        SAN FRANCISC CA                                                                                                                                                                                                                                                                   00CN07682",-10.00,MISC_DEBIT, ,,
DEBIT,01/19/2024,"Zelle payment to Kiki 19622936883",-100.00,QUICKPAY_DEBIT,2851.24,,
DEBIT,01/19/2024,"Payment to Chase card ending in 3492 01/19",-792.42,LOAN_PMT,2951.24,,
CREDIT,01/19/2024,"Zelle payment from ROSIO C FERNANDEZ VELA 19627656541",125.00,QUICKPAY_CREDIT,3743.66,,
CREDIT,01/19/2024,"ABARCA HEALTH FL PAYROLL                    PPD ID: 6506940773",2053.58,ACH_CREDIT,3618.66,,
DEBIT,01/16/2024,"Payment to Chase card ending in 3492 01/16",-502.15,LOAN_PMT,1565.08,,
CREDIT,01/10/2024,"Zelle payment from ALIUSKA VELA 19249697850",50.00,QUICKPAY_CREDIT,2067.23,,
DEBIT,01/09/2024,"Zelle payment to Kiki 19529906603",-150.00,QUICKPAY_DEBIT,2017.23,,
DEBIT,01/05/2024,"Zelle payment to Allie JPM99a7k36ul",-75.00,CHASE_TO_PARTNERFI,2167.23,,
DEBIT,01/05/2024,"Payment to Chase card ending in 3492 01/05",-1080.95,LOAN_PMT,2242.23,,
DEBIT,01/05/2024,"Zelle payment to Marily Guzman 19493329450",-900.00,QUICKPAY_DEBIT,3323.18,,
CREDIT,01/05/2024,"ABARCA HEALTH FL PAYROLL                    PPD ID: 6506940773",2053.58,ACH_CREDIT,4223.18,,
DSLIP,01/05/2024,"DEPOSIT  ID NUMBER 470289",1429.07,DEPOSIT,2169.60,,
DEBIT,01/04/2024,"FPL DIRECT DEBIT ELEC PYMT  6075856572 WEBI WEB ID: 3590247775",-392.60,ACH_DEBIT,740.53,,
DEBIT,01/03/2024,"ATT*BILL PAYMENT 800-288-2020 TX             01/02",-285.59,DEBIT_CARD,1133.13,,
CREDIT,01/03/2024,"Zelle payment from ROSIO C FERNANDEZ VELA 19182639003",60.00,QUICKPAY_CREDIT,1418.72,,
DEBIT,01/03/2024,"APPLE CASH SENT MONE 1INFINITELOOP CA        01/02",100.00,DEBIT_CARD,1358.72,,
DEBIT,01/02/2024,"Amazon web services aws.amazon.co WA         01/02",-30.59,DEBIT_CARD,1258.72,,
DEBIT,01/02/2024,"Zelle payment to Mama  19460938835",-400.00,QUICKPAY_DEBIT,1289.31,,
DEBIT,01/02/2024,"ATT*BILL PAYMENT 800-288-2020 TX             12/31",-95.70,DEBIT_CARD,1689.31,,
CREDIT,01/02/2024,"Online Transfer from SAV ...7765 transaction#: 19461183351",200.00,ACCT_XFER,1785.01,,
CREDIT,01/02/2024,"Zelle payment from ROSIO C FERNANDEZ VELA 19463426959",200.00,QUICKPAY_CREDIT,1585.01,,
CREDIT,01/02/2024,"Zelle payment from YISLEIDIS HERNANDEZ BACmvm8iobrs",300.00,PARTNERFI_TO_CHASE,1385.01,,
CREDIT,01/02/2024,"Zelle payment from ALIUSKA VELA 19452977078",800.00,QUICKPAY_CREDIT,1085.01,,
DEBIT,12/28/2023,"ADVS ED SERV PPD STUDNTLOAN                 PPD ID: 9102001101",-225.50,ACH_DEBIT,285.01,,
DEBIT,12/28/2023,"APPLE CASH SENT MONE 1INFINITELOOP CA        12/27",-100.00,DEBIT_CARD,510.51,,
DEBIT,12/26/2023,"PAYPAL           INST XFER                  WEB ID: PAYPALSI77",-100.00,ACH_DEBIT,610.51,,
DEBIT,12/26/2023,"Zelle payment to Jose Hernandez JPM99a7007x4",-800.00,CHASE_TO_PARTNERFI,710.51,,
DEBIT,12/26/2023,"Payment to Chase card ending in 3492 12/26",-82.36,LOAN_PMT,1510.51,,
CREDIT,12/26/2023,"Online Transfer from SAV ...7765 transaction#: 19389770134",400.00,ACCT_XFER,1592.87,,
DEBIT,12/22/2023,"Online Transfer to CHK ...8871 transaction#: 19365641450 12/22",-100.00,ACCT_XFER,1192.87,,
DEBIT,12/22/2023,"Online Transfer to SAV ...7765 transaction#: 19365647442 12/22",-500.00,ACCT_XFER,1292.87,,
DEBIT,12/22/2023,"Payment to Chase card ending in 3492 12/22",-1183.05,LOAN_PMT,1792.87,,
DEBIT,12/22/2023,"UWM APPRAISAL DIRECT HTTPSWWW.UWM. FL        12/21",-200.00,DEBIT_CARD,2975.92,,
DEBIT,12/22/2023,"PAYPAL *GITHUB INC 415-279-8675 CA           12/21",-10.00,DEBIT_CARD,3175.92,,
CREDIT,12/22/2023,"Zelle payment from ROSIO C FERNANDEZ VELA 19367017730",400.00,QUICKPAY_CREDIT,3185.92,,
CREDIT,12/22/2023,"ABARCA HEALTH FL PAYROLL                    PPD ID: 6506940773",2037.45,ACH_CREDIT,2785.92,,
DEBIT,12/18/2023,"Zelle payment to Roofing JPM99a6p681o",-2000.00,CHASE_TO_PARTNERFI,748.47,,
CREDIT,12/18/2023,"Zelle payment from ARMANDO RIZO BACz7ps1e2wp",50.00,PARTNERFI_TO_CHASE,2748.47,,
CREDIT,12/18/2023,"Zelle payment from ALIUSKA VELA 19328882868",2000.00,QUICKPAY_CREDIT,2698.47,,
DEBIT,12/11/2023,"DETA PICKLEBALL CLUB WWW.DAVIDENSI FL        12/11",-15.45,DEBIT_CARD,698.47,,
DEBIT,12/11/2023,"Zelle payment to Manny Panties 19254105873",-17.00,QUICKPAY_DEBIT,713.92,,
DEBIT,12/11/2023,"Zelle payment to Kiki 19246892312",-100.00,QUICKPAY_DEBIT,730.92,,
CREDIT,12/11/2023,"Zelle payment from ALIUSKA VELA 18966612481",50.00,QUICKPAY_CREDIT,830.92,,
DEBIT,12/08/2023,"Payment to Chase card ending in 3492 12/08",-1000.00,LOAN_PMT,780.92,,
DEBIT,12/08/2023,"Zelle payment to Mama  19233110877",-600.00,QUICKPAY_DEBIT,1780.92,,
CREDIT,12/08/2023,"ABARCA HEALTH FL PAYROLL                    PPD ID: 6506940773",2037.45,ACH_CREDIT,2380.92,,
DEBIT,12/05/2023,"APPLE.COM/BILL 866-712-7753 CA               12/04",-9.99,DEBIT_CARD,343.47,,
DEBIT,12/04/2023,"Payment to Chase card ending in 3492 12/04",-300.00,LOAN_PMT,353.46,,
DEBIT,12/04/2023,"Amazon web services aws.amazon.co WA         12/03",-29.77,DEBIT_CARD,653.46,,
DEBIT,12/04/2023,"ATT*BILL PAYMENT 800-288-2020 TX             12/02",-285.59,DEBIT_CARD,683.23,,
DEBIT,12/04/2023,"ATT*BILL PAYMENT 800-288-2020 TX             12/01",-95.70,DEBIT_CARD,968.82,,
CREDIT,12/04/2023,"Zelle payment from ROSIO C FERNANDEZ VELA 18901054624",60.00,QUICKPAY_CREDIT,1064.52,,
DEBIT,11/30/2023,"Zelle payment to Kiki 19152692708",-70.00,QUICKPAY_DEBIT,1004.52,,
CREDIT,11/30/2023,"Zelle payment from ROSIO C FERNANDEZ VELA 19147286333",250.00,QUICKPAY_CREDIT,1074.52,,
CREDIT,11/27/2023,"Zelle payment from ROSIO C FERNANDEZ VELA 19111992144",60.00,QUICKPAY_CREDIT,824.52,,
DEBIT,11/24/2023,"PAYPAL           INST XFER                  WEB ID: PAYPALSI77",-300.00,ACH_DEBIT,764.52,,
DEBIT,11/24/2023,"Online Transfer to SAV ...7765 transaction#: 19088021020 11/24",-600.00,ACCT_XFER,1064.52,,
DEBIT,11/24/2023,"Payment to Chase card ending in 3492 11/24",-596.24,LOAN_PMT,1664.52,,
CREDIT,11/24/2023,"ABARCA HEALTH FL PAYROLL                    PPD ID: 6506940773",2037.45,ACH_CREDIT,2260.76,,
DEBIT,11/22/2023,"DETA PICKLEBALL CLUB WWW.DAVIDENSI FL        11/22",-15.45,DEBIT_CARD,223.31,,
DEBIT,11/22/2023,"PAYPAL *GITHUB INC 415-279-8675 CA           11/21",-4.23,DEBIT_CARD,238.76,,
DEBIT,11/21/2023,"XACTUS clover.com PA                         11/21",-60.90,DEBIT_CARD,242.99,,
DEBIT,11/21/2023,"XACTUS clover.com PA                         11/21",-60.90,DEBIT_CARD,303.89,,
DEBIT,11/21/2023,"XACTUS clover.com PA                         11/21",-60.90,DEBIT_CARD,364.79,,
DEBIT,11/20/2023,"Zelle payment to Manny Panties 19044808296",-12.00,QUICKPAY_DEBIT,425.69,,
CREDIT,11/20/2023,"Zelle payment from ALIUSKA VELA 19062450446",60.00,QUICKPAY_CREDIT,437.69,,
DEBIT,11/13/2023,"Online Transfer to SAV ...7765 transaction#: 18986435066 11/13",-1000.00,ACCT_XFER,377.69,,
DEBIT,11/13/2023,"COINBASE, INC. 8325639309 CA                 11/11",-500.00,DEBIT_CARD,1377.69,,
DEBIT,11/10/2023,"Payment to Chase card ending in 3492 11/10",-270.69,LOAN_PMT,1877.69,,
CREDIT,11/10/2023,"Zelle payment from ALIUSKA VELA 18679504700",50.00,QUICKPAY_CREDIT,2148.38,,
CREDIT,11/09/2023,"ABARCA HEALTH FL PAYROLL                    PPD ID: 6506940773",2037.45,ACH_CREDIT,2098.38,,
DEBIT,11/06/2023,"Zelle payment to Manny Panties 18916891519",-10.00,QUICKPAY_DEBIT,60.93,,
DEBIT,11/03/2023,"Amazon web services aws.amazon.co WA         11/03",-30.59,DEBIT_CARD,70.93,,
DEBIT,11/03/2023,"ATT*BILL PAYMENT 800-288-2020 TX             11/02",-284.21,DEBIT_CARD,101.52,,
CREDIT,11/03/2023,"Zelle payment from ROSIO C FERNANDEZ VELA 18615428709",60.00,QUICKPAY_CREDIT,385.73,,
DEBIT,11/02/2023,"ADVS ED SERV WEB STUDNTLOAN 6PH6U9NK3O1     WEB ID: 9102001102",-451.00,ACH_DEBIT,325.73,,
DEBIT,11/02/2023,"APPLE.COM/BILL 866-712-7753 CA               11/01",-9.99,DEBIT_CARD,776.73,,
DEBIT,11/01/2023,"Payment to Chase card ending in 3492 11/01",-536.91,LOAN_PMT,786.72,,
DEBIT,11/01/2023,"Zelle payment to Mama  18881656531",-600.00,QUICKPAY_DEBIT,1323.63,,
DEBIT,11/01/2023,"ATT*BILL PAYMENT 800-288-2020 TX             10/31",-95.70,DEBIT_CARD,1923.63,,
DEBIT,10/30/2023,"Payment to Chase card ending in 3492 10/30",-81.29,LOAN_PMT,2019.33,,
DEBIT,10/30/2023,"Zelle payment to Manny Panties 18847581652",-15.00,QUICKPAY_DEBIT,2100.62,,
CREDIT,10/30/2023,"REAL TIME TRANSFER RECD FROM ABA/021000021 FROM: COINBASE REF: ES4ZEQG4 INFO:  IID: 20231028021000021P1BRJPM00020057028 RECD: 20:06:39 TRN: 0511050301RV",415.46,MISC_CREDIT,2115.62,,
DEBIT,10/27/2023,"Payment to Chase card ending in 3492 10/27",-385.82,LOAN_PMT,1700.16,,
CREDIT,10/27/2023,"ABARCA HEALTH FL PAYROLL                    PPD ID: 6506940773",2037.45,ACH_CREDIT,2085.98,,
DEBIT,10/26/2023,"PAYPAL           INST XFER                  WEB ID: PAYPALSI77",-100.00,ACH_DEBIT,48.53,,
DEBIT,10/23/2023,"Zelle payment to Manny Panties 18798649029",-200.00,QUICKPAY_DEBIT,148.53,,
DEBIT,10/23/2023,"Zelle payment to Botox JPM99a3vz6hy",-500.00,CHASE_TO_PARTNERFI,348.53,,
DEBIT,10/23/2023,"PAYPAL *GITHUB INC 415-279-8675 CA           10/21",-10.00,DEBIT_CARD,848.53,,
CREDIT,10/23/2023,"Zelle payment from LIARA GONZALEZ 18798672111",250.00,QUICKPAY_CREDIT,858.53,,
DEBIT,10/19/2023,"Payment to Chase card ending in 3492 10/19",-242.09,LOAN_PMT,608.53,,
DEBIT,10/13/2023,"Zelle payment to Elia JPM99a3huui8",-90.00,CHASE_TO_PARTNERFI,850.62,,
DEBIT,10/13/2023,"Zelle payment to Kiki 18711862792",-500.00,QUICKPAY_DEBIT,940.62,,
DEBIT,10/13/2023,"Payment to Chase card ending in 3492 10/13",-1210.16,LOAN_PMT,1440.62,,
CREDIT,10/13/2023,"ABARCA HEALTH FL PAYROLL                    PPD ID: 6506940773",2037.45,ACH_CREDIT,2650.78,,
DEBIT,10/10/2023,"Zelle payment to Armando JPM99a37qrdf",-10.00,CHASE_TO_PARTNERFI,613.33,,
CREDIT,10/10/2023,"Zelle payment from ALIUSKA VELA 18406600329",50.00,QUICKPAY_CREDIT,623.33,,
DEBIT,10/03/2023,"Amazon web services aws.amazon.co WA         10/03",-29.77,DEBIT_CARD,573.33,,
DEBIT,10/03/2023,"ATT*BILL PAYMENT 800-288-2020 TX             10/02",-352.48,DEBIT_CARD,603.10,,
CREDIT,10/03/2023,"Zelle payment from ROSIO C FERNANDEZ VELA 18344304790",60.00,QUICKPAY_CREDIT,955.58,,
DEBIT,10/02/2023,"Zelle payment to Manny Panties 18601334496",-50.00,QUICKPAY_DEBIT,895.58,,
DEBIT,10/02/2023,"Zelle payment to Armando JPM99a2xs01x",-145.00,CHASE_TO_PARTNERFI,945.58,,
DEBIT,10/02/2023,"APPLE.COM/BILL 866-712-7753 CA               10/01",-9.99,DEBIT_CARD,1090.58,,
DEBIT,10/02/2023,"Payment to Chase card ending in 3492 10/02",-1000.00,LOAN_PMT,1100.57,,
DEBIT,10/02/2023,"Zelle payment to Mama  18590928799",-1000.00,QUICKPAY_DEBIT,2100.57,,
DEBIT,10/02/2023,"ATT*BILL PAYMENT 800-288-2020 TX             09/30",-95.70,DEBIT_CARD,3100.57,,
DEBIT,10/02/2023,"Zelle payment to Armando JPM99a2u39zh",-20.00,CHASE_TO_PARTNERFI,3196.27,,
CREDIT,10/02/2023,"Zelle payment from LIARA GONZALEZ 18606923065",300.00,QUICKPAY_CREDIT,3216.27,,
CREDIT,10/02/2023,"REAL TIME TRANSFER RECD FROM ABA/021000021 FROM: COINBASE REF: 862FN7ET INFO:  IID: 20231002021000021P1BRJPM00510018379 RECD: 09:40:20 TRN: 0122091275RW",294.35,MISC_CREDIT,2916.27,,
CREDIT,09/29/2023,"ABARCA HEALTH FL PAYROLL                    PPD ID: 6506940773",2080.39,ACH_CREDIT,2621.92,,
DEBIT,09/28/2023,"PAYPAL           INST XFER  PARKMOBILE      WEB ID: PAYPALSI77",-2.50,ACH_DEBIT,541.53,,
DEBIT,09/26/2023,"PAYPAL           INST XFER                  WEB ID: PAYPALSI77",-100.00,ACH_DEBIT,544.03,,
DEBIT,09/25/2023,"Zelle payment to Armando JPM99a2l80gf",-15.00,CHASE_TO_PARTNERFI,644.03,,
DEBIT,09/25/2023,"Zelle payment to Manny Panties 18527226891",-24.00,QUICKPAY_DEBIT,659.03,,
CREDIT,09/25/2023,"Zelle payment from LIARA GONZALEZ 18534221871",370.00,QUICKPAY_CREDIT,683.03,,
DEBIT,09/22/2023,"PAYPAL *GITHUB INC 415-279-8675 CA           09/22",-10.00,DEBIT_CARD,313.03,,
DEBIT,09/21/2023,"Payment to Chase card ending in 3492 09/21",-270.00,LOAN_PMT,323.03,,
CREDIT,09/21/2023,"Zelle payment from LAZARO OSORIA WFCT0RKZPD2T",10.00,PARTNERFI_TO_CHASE,593.03,,
CREDIT,09/21/2023,"Zelle payment from LAZARO OSORIA WFCT0RKZWTNF",260.00,PARTNERFI_TO_CHASE,583.03,,
DEBIT,09/18/2023,"Payment to Chase card ending in 3492 09/18",-1000.00,LOAN_PMT,323.03,,
DEBIT,09/15/2023,"Online Transfer to CHK ...8871 transaction#: 18456571718 09/15",-300.00,ACCT_XFER,1323.03,,
DEBIT,09/15/2023,"Payment to Chase card ending in 3492 09/15",-1500.00,LOAN_PMT,1623.03,,
CREDIT,09/15/2023,"Zelle payment from ROSIO C FERNANDEZ VELA 18456560695",370.00,QUICKPAY_CREDIT,3123.03,,
CREDIT,09/15/2023,"ABARCA HEALTH FL PAYROLL                    PPD ID: 6506940773",2037.44,ACH_CREDIT,2753.03,,
CREDIT,09/14/2023,"Zelle payment from ALIUSKA VELA 18444960725",380.00,QUICKPAY_CREDIT,715.59,,
CREDIT,09/11/2023,"Zelle payment from ALIUSKA VELA 18125373163",50.00,QUICKPAY_CREDIT,335.59,,
DEBIT,09/05/2023,"ATT*BILL PAYMENT 800-288-2020 TX             09/03",-362.95,DEBIT_CARD,285.59,,
DEBIT,09/05/2023,"Amazon web services aws.amazon.co WA         09/02",-30.59,DEBIT_CARD,648.54,,
DEBIT,09/05/2023,"ATT*BILL PAYMENT 800-288-2020 TX             09/01",-95.70,DEBIT_CARD,679.13,,
DEBIT,09/05/2023,"APPLE.COM/BILL 866-712-7753 CA               09/01",-9.99,DEBIT_CARD,774.83,,
CREDIT,09/05/2023,"Zelle payment from ROSIO C FERNANDEZ VELA 18062518948",60.00,QUICKPAY_CREDIT,784.82,,
DEBIT,09/01/2023,"Payment to Chase card ending in 3492 09/01",-500.00,LOAN_PMT,724.82,,
DEBIT,09/01/2023,"Zelle payment to Kiki 18328265091",-70.00,QUICKPAY_DEBIT,1224.82,,
DEBIT,09/01/2023,"Zelle payment to Mama  18328237785",-1000.00,QUICKPAY_DEBIT,1294.82,,
CREDIT,09/01/2023,"ABARCA HEALTH FL PAYROLL                    PPD ID: 6506940773",2037.46,ACH_CREDIT,2294.82,,
DEBIT,08/29/2023,"Amazon Digit*T39YD50A 888-802-3080 WA        08/29",-15.99,DEBIT_CARD,257.36,,
DEBIT,08/28/2023,"PAYPAL           INST XFER                  WEB ID: PAYPALSI77",-100.00,ACH_DEBIT,273.35,,
DEBIT,08/22/2023,"Online Transfer to CHK ...8871 transaction#: 18237634351 08/22",-200.00,ACCT_XFER,373.35,,
DEBIT,08/22/2023,"PAYPAL *GITHUB INC 415-279-8675 CA           08/21",-10.00,DEBIT_CARD,573.35,,
DEBIT,08/21/2023,"Online Transfer to CHK ...8871 transaction#: 18219807488 08/21",-350.00,ACCT_XFER,583.35,,
DEBIT,08/21/2023,"Zelle payment to Kiki 18219793552",-200.00,QUICKPAY_DEBIT,933.35,,
DEBIT,08/18/2023,"Payment to Chase card ending in 3492 08/18",-1500.00,LOAN_PMT,1133.35,,
CREDIT,08/18/2023,"ABARCA HEALTH FL PAYROLL                    PPD ID: 6506940773",2037.45,ACH_CREDIT,2633.35,,
DEBIT,08/16/2023,"FOREIGN EXCHANGE RATE ADJUSTMENT FEE         08/15HANOI HOU",-0.13,FEE_TRANSACTION,595.90,,
DEBIT,08/16/2023,"APPLE.COM/BILL 866-712-7753 CA               08/15",-11.00,DEBIT_CARD,596.03,,
DEBIT,08/16/2023,"HANOI HOUSE ALCALA DE HEN                    08/15 Euro       4.00 X 1.095000 (EXCHG RTE)",-4.38,DEBIT_CARD,607.03,,
CREDIT,08/10/2023,"Zelle payment from ALIUSKA VELA 17847767157",50.00,QUICKPAY_CREDIT,611.41,,
DEBIT,08/08/2023,"Zelle payment to Kiki 18113165281",-70.00,QUICKPAY_DEBIT,561.41,,
DEBIT,08/04/2023,"Zelle payment to Mama  18073469199",-1500.00,QUICKPAY_DEBIT,631.41,,
CREDIT,08/04/2023,"ABARCA HEALTH FL PAYROLL                    PPD ID: 6506940773",2037.44,ACH_CREDIT,2131.41,,
DEBIT,08/03/2023,"Amazon web services aws.amazon.co WA         08/02",-30.59,DEBIT_CARD,93.97,,
DEBIT,08/03/2023,"ATT*BILL PAYMENT 800-288-2020 TX             08/02",-240.81,DEBIT_CARD,124.56,,
CREDIT,08/03/2023,"Zelle payment from ROSIO C FERNANDEZ VELA 17786467722",60.00,QUICKPAY_CREDIT,365.37,,
DEBIT,08/02/2023,"APPLE.COM/BILL 866-712-7753 CA               08/01",-9.99,DEBIT_CARD,305.37,,
CREDIT,08/02/2023,"Online Transfer from SAV ...7765 transaction#: 18055383487",200.00,ACCT_XFER,315.36,,
DEBIT,08/01/2023,"ATT*BILL PAYMENT 800-288-2020 TX             07/31",-90.70,DEBIT_CARD,115.36,,
CREDIT,08/01/2023,"Online Transfer from SAV ...7765 transaction#: 18044938901",200.00,ACCT_XFER,206.06,,
DEBIT,07/31/2023,"Online Transfer to CHK ...8871 transaction#: 18026866597 07/31",-100.00,ACCT_XFER,6.06,,
CREDIT,07/31/2023,"Zelle payment from LIARA GONZALEZ 18026197682",100.00,QUICKPAY_CREDIT,106.06,,
DEBIT,07/26/2023,"PAYPAL           INST XFER                  WEB ID: PAYPALSI77",-100.00,ACH_DEBIT,6.06,,
DEBIT,07/24/2023,"PAYPAL *GITHUB INC 415-279-8675 CA           07/21",-10.00,DEBIT_CARD,106.06,,
DEBIT,07/21/2023,"Zelle payment to Mama  17951771359",-500.00,QUICKPAY_DEBIT,116.06,,
DEBIT,07/21/2023,"Payment to Chase card ending in 3492 07/21",-1444.89,LOAN_PMT,616.06,,
CREDIT,07/21/2023,"ABARCA HEALTH FL PAYROLL                    PPD ID: 6506940773",2037.46,ACH_CREDIT,2060.95,,
DEBIT,07/20/2023,"PATRICK NJOGU    IAT PAYPAL 1028306217242   WEB ID: 770510487C",-84.00,ACH_DEBIT,23.49,,
CREDIT,07/20/2023,"Zelle payment from LIARA GONZALEZ 17938931080",80.00,QUICKPAY_CREDIT,107.49,,
DEBIT,07/17/2023,"Zelle payment to Manny Panties 17902726720",-55.00,QUICKPAY_DEBIT,27.49,,
DEBIT,07/17/2023,"APPLE.COM/BILL 866-712-7753 CA               07/15",-11.00,DEBIT_CARD,82.49,,
CREDIT,07/17/2023,"Zelle payment from YOSVANY NAVARRO 17902596289",20.00,QUICKPAY_CREDIT,93.49,,
DEBIT,07/12/2023,"PATRICK NJOGU    IAT PAYPAL 1028139473082   WEB ID: 770510487C",-204.99,ACH_DEBIT,73.49,,
DEBIT,07/11/2023,"PAYPAL           INST XFER  PARKMOBILE      WEB ID: PAYPALSI77",-1.10,ACH_DEBIT,278.48,,
CREDIT,07/11/2023,"Zelle payment from LIARA GONZALEZ 17863919986",200.00,QUICKPAY_CREDIT,279.58,,
DEBIT,07/10/2023,"Zelle payment to Nani  17852060179",-97.00,QUICKPAY_DEBIT,79.58,,
CREDIT,07/10/2023,"Zelle payment from ALIUSKA VELA 17586959195",50.00,QUICKPAY_CREDIT,176.58,,
DEBIT,07/07/2023,"Zelle payment to Kiki 17832515471",-40.00,QUICKPAY_DEBIT,126.58,,
DEBIT,07/07/2023,"Payment to Chase card ending in 3492 07/07",-2000.00,LOAN_PMT,166.58,,
CREDIT,07/07/2023,"ABARCA HEALTH FL PAYROLL                    PPD ID: 6506940773",2037.44,ACH_CREDIT,2166.58,,
DEBIT,07/05/2023,"Zelle payment to Manny Panties 17808876716",-46.00,QUICKPAY_DEBIT,129.14,,
DEBIT,07/05/2023,"PATRICK NJOGU    IAT PAYPAL 1027985311935   WEB ID: 770510487C",-184.99,ACH_DEBIT,175.14,,
CREDIT,07/05/2023,"Online Transfer from SAV ...7765 transaction#: 17808884578",200.00,ACCT_XFER,360.13,,
DEBIT,07/03/2023,"PAYPAL           INST XFER  PARKMOBILE      WEB ID: PAYPALSI77",-3.35,ACH_DEBIT,160.13,,
DEBIT,07/03/2023,"ATT*BILL PAYMENT 800-288-2020 TX             07/02",-35.73,DEBIT_CARD,163.48,,
DEBIT,07/03/2023,"ATT*BILL PAYMENT 800-288-2020 TX             07/02",-90.70,DEBIT_CARD,199.21,,
DEBIT,07/03/2023,"Amazon web services aws.amazon.co WA         07/02",-29.78,DEBIT_CARD,289.91,,
DEBIT,07/03/2023,"APPLE.COM/BILL 866-712-7753 CA               07/02",-9.99,DEBIT_CARD,319.69,,
CREDIT,07/03/2023,"Zelle payment from ROSIO C FERNANDEZ VELA 17526095409",60.00,QUICKPAY_CREDIT,329.68,,
DEBIT,06/29/2023,"Amazon Digit*IL7149QK 888-802-3080 WA        06/29",-15.99,DEBIT_CARD,269.68,,
DEBIT,06/28/2023,"Online Transfer to CHK ...8871 transaction#: 17737785872 06/28",-200.00,ACCT_XFER,285.67,,
DEBIT,06/26/2023,"PATRICK NJOGU    IAT PAYPAL 1027829881443   WEB ID: 770510487C",-144.99,ACH_DEBIT,485.67,,
DEBIT,06/26/2023,"PAYPAL           INST XFER                  WEB ID: PAYPALSI77",-100.00,ACH_DEBIT,630.66,,
DEBIT,06/26/2023,"Zelle payment to Kiki 17718343418",-26.00,QUICKPAY_DEBIT,730.66,,
CREDIT,06/26/2023,"Zelle payment from LIARA GONZALEZ 17721422955",145.00,QUICKPAY_CREDIT,756.66,,
DEBIT,06/23/2023,"Payment to Chase card ending in 3492 06/23",-1500.00,LOAN_PMT,611.66,,
CREDIT,06/23/2023,"ABARCA HEALTH FL PAYROLL                    PPD ID: 6506940773",2037.46,ACH_CREDIT,2111.66,,
DEBIT,06/22/2023,"PAYPAL *GITHUB INC 402-935-7733 CA           06/21",-10.00,DEBIT_CARD,74.20,,
DEBIT,06/20/2023,"Zelle payment to Kiki 17653715552",-450.00,QUICKPAY_DEBIT,84.20,,
DEBIT,06/20/2023,"APPLE.COM/BILL 866-712-7753 CA               06/17",-11.00,DEBIT_CARD,534.20,,
DEBIT,06/12/2023,"PAYPAL           INST XFER  BLIZZARDENT     WEB ID: PAYPALSI77",-69.99,ACH_DEBIT,545.20,,
CREDIT,06/12/2023,"Zelle payment from ALIUSKA VELA 17312869971",50.00,QUICKPAY_CREDIT,615.19,,
DEBIT,06/09/2023,"Payment to Chase card ending in 3492 06/09",-1000.00,LOAN_PMT,565.19,,
DEBIT,06/09/2023,"Zelle payment to Mama  17579414147",-1000.00,QUICKPAY_DEBIT,1565.19,,
CREDIT,06/09/2023,"ABARCA HEALTH FL PAYROLL                    PPD ID: 6506940773",2037.45,ACH_CREDIT,2565.19,,
DEBIT,06/08/2023,"Amazon.com*PC5UT8IC3 Amzn.com/bill WA        06/07",-12.70,DEBIT_CARD,527.74,,
DEBIT,06/08/2023,"AMZN Mktp US Amzn.com/bill WA                06/07",54.99,DEBIT_CARD,540.44,,
DEBIT,06/06/2023,"Amazon web services aws.amazon.co WA         06/06",-5.00,DEBIT_CARD,485.45,,
DEBIT,06/06/2023,"APPLE.COM/BILL 866-712-7753 CA               06/06",-7.99,DEBIT_CARD,490.45,,
DEBIT,06/05/2023,"Amazon web services aws.amazon.co WA         06/03",-32.37,DEBIT_CARD,498.44,,
DEBIT,06/05/2023,"CASH APP*LESTER MOL 8774174551 CA            06/02",-123.00,DEBIT_CARD,530.81,,
DEBIT,06/05/2023,"ATT*BILL PAYMENT 800-288-2020 TX             06/02",-549.48,DEBIT_CARD,653.81,,
CREDIT,06/05/2023,"Zelle payment from ARAMIS GONZALEZ WFCT0R9WWGP2",50.00,PARTNERFI_TO_CHASE,1203.29,,
CREDIT,06/05/2023,"Zelle payment from ROSIO C FERNANDEZ VELA 17252137441",60.00,QUICKPAY_CREDIT,1153.29,,
CREDIT,06/05/2023,"Zelle payment from ROSIO C FERNANDEZ VELA 17544276177",100.00,QUICKPAY_CREDIT,1093.29,,
DEBIT,06/02/2023,"APPLE.COM/BILL 866-712-7753 CA               06/02",-9.99,DEBIT_CARD,993.29,,
DEBIT,06/01/2023,"ATT*BILL PAYMENT 800-288-2020 TX             05/31",-90.70,DEBIT_CARD,1003.28,,
DEBIT,05/30/2023,"Payment to Chase card ending in 3492 05/30",-1000.00,LOAN_PMT,1093.98,,
DEBIT,05/30/2023,"Zelle payment to Manny Panties 17472369294",-375.00,QUICKPAY_DEBIT,2093.98,,
DEBIT,05/30/2023,"Amazon Digit*PG0XZ95P 888-802-3080 WA        05/29",-15.99,DEBIT_CARD,2468.98,,
CREDIT,05/30/2023,"Zelle payment from MANNY ALFONSO 17463857777",80.00,QUICKPAY_CREDIT,2484.97,,
DEBIT,05/26/2023,"PAYPAL           INST XFER                  WEB ID: PAYPALSI77",-100.00,ACH_DEBIT,2404.97,,
CREDIT,05/26/2023,"ABARCA HEALTH FL PAYROLL                    PPD ID: 6506940773",2037.44,ACH_CREDIT,2504.97,,
DEBIT,05/22/2023,"PAYPAL *GITHUB INC 402-935-7733 CA           05/21",-10.00,DEBIT_CARD,467.53,,
DEBIT,05/19/2023,"Prime Video *I71GS48X 888-802-3080 WA        05/19",-29.99,DEBIT_CARD,477.53,,
DEBIT,05/19/2023,"AMZN Mktp US*DS76M1J Amzn.com/bill WA        05/19",-54.99,DEBIT_CARD,507.52,,
DEBIT,05/16/2023,"APPLE.COM/BILL 408-974-1010 CA               05/15",-11.00,DEBIT_CARD,562.51,,
DEBIT,05/15/2023,"Zelle payment to Damian JPM999wiikm5",-20.00,CHASE_TO_PARTNERFI,573.51,,
CREDIT,05/15/2023,"Zelle payment from ALIUSKA VELA 17361662164",300.00,QUICKPAY_CREDIT,593.51,,
DEBIT,05/12/2023,"Online Transfer to SAV ...7765 transaction#: 17334378560 05/12",-200.00,ACCT_XFER,293.51,,
DEBIT,05/12/2023,"Payment to Chase card ending in 3492 05/12",-1500.00,ACCT_XFER,493.51,,
DEBIT,05/12/2023,"Zelle payment to Elia JPM999wh141p",-180.00,CHASE_TO_PARTNERFI,1993.51,,
CREDIT,05/12/2023,"ABARCA HEALTH FL PAYROLL                    PPD ID: 6506940773",2037.46,ACH_CREDIT,2173.51,,
CREDIT,05/10/2023,"Zelle payment from ALIUSKA VELA 17049901830",50.00,QUICKPAY_CREDIT,136.05,,
DEBIT,05/08/2023,"Amazon.com*OV6CD68S3 Amzn.com/bill WA        05/07",-12.17,DEBIT_CARD,86.05,,
DEBIT,05/08/2023,"APPLE CASH 1INFINITELOOP CA                  05/05",-10.00,DEBIT_CARD,98.22,,
DSLIP,05/08/2023,"REMOTE ONLINE DEPOSIT #          1",11.05,CHECK_DEPOSIT,108.22,1,
DEBIT,05/03/2023,"Amazon web services aws.amazon.co WA         05/02",-29.77,DEBIT_CARD,97.17,,
DEBIT,05/03/2023,"ATT*BILL PAYMENT 800-288-2020 TX             05/02",-240.41,DEBIT_CARD,126.94,,
CREDIT,05/03/2023,"Zelle payment from ROSIO C FERNANDEZ VELA 16990377286",60.00,QUICKPAY_CREDIT,367.35,,
DEBIT,05/02/2023,"ATT*BILL PAYMENT 800-288-2020 TX             05/01",-90.70,DEBIT_CARD,307.35,,
DEBIT,05/02/2023,"APPLE.COM/BILL 866-712-7753 CA               05/01",-9.99,DEBIT_CARD,398.05,,
DEBIT,05/01/2023,"Amazon Digit*HM40M7CS 888-802-3080 WA        04/29",-15.99,DEBIT_CARD,408.04,,
DEBIT,04/28/2023,"Zelle payment to Kiki 17209669425",-300.00,QUICKPAY_DEBIT,424.03,,
DEBIT,04/28/2023,"Zelle payment to Mama  17209658050",-1000.00,QUICKPAY_DEBIT,724.03,,
DEBIT,04/28/2023,"Payment to Chase card ending in 3492 04/28",-1000.00,ACCT_XFER,1724.03,,
CREDIT,04/28/2023,"Online Transfer from SAV ...7765 transaction#: 17209687449",350.00,ACCT_XFER,2724.03,,
CREDIT,04/28/2023,"ABARCA HEALTH FL PAYROLL                    PPD ID: 6506940773",2037.45,ACH_CREDIT,2374.03,,
DEBIT,04/26/2023,"PAYPAL           INST XFER                  WEB ID: PAYPALSI77",-100.00,ACH_DEBIT,336.58,,
DEBIT,04/26/2023,"AMZN Mktp US*HF9PM90 Amzn.com/bill WA        04/25",-10.69,DEBIT_CARD,436.58,,
DEBIT,04/25/2023,"AMZN Mktp US*HF6KQ9H Amzn.com/bill WA        04/24",-22.67,DEBIT_CARD,447.27,,
DEBIT,04/24/2023,"PAYPAL *GITHUB INC 402-935-7733 CA           04/21",-10.00,DEBIT_CARD,469.94,,
DEBIT,04/21/2023,"Payment to Chase card ending in 3492 04/21",-1000.00,ACCT_XFER,479.94,,
DEBIT,04/19/2023,"Zelle payment to Kiki 17131154047",-700.00,QUICKPAY_DEBIT,1479.94,,
DEBIT,04/18/2023,"APPLE.COM/BILL 866-712-7753 CA               04/17",-11.00,DEBIT_CARD,2179.94,,
CREDIT,04/14/2023,"ABARCA HEALTH FL PAYROLL                    PPD ID: 6506940773",1923.37,ACH_CREDIT,2190.94,,
DEBIT,04/13/2023,"Amazon.com Amzn.com/bill WA                  04/12",10.67,DEBIT_CARD,267.57,,
CREDIT,04/10/2023,"Zelle payment from ALIUSKA VELA 16786896409",50.00,QUICKPAY_CREDIT,256.90,,
DEBIT,04/05/2023,"Amazon.com*HS2Y114S2 Amzn.com/bill WA        04/05",-10.67,DEBIT_CARD,206.90,,
DEBIT,04/03/2023,"Amazon web services aws.amazon.co WA         04/02",-30.59,DEBIT_CARD,217.57,,
DEBIT,04/03/2023,"ATT*BILL PAYMENT 800-288-2020 TX             04/02",-240.61,DEBIT_CARD,248.16,,
DEBIT,04/03/2023,"ATT*BILL PAYMENT 800-288-2020 TX             04/01",-90.70,DEBIT_CARD,488.77,,
DEBIT,04/03/2023,"APPLE.COM/BILL 866-712-7753 CA               04/01",-9.99,DEBIT_CARD,579.47,,
CREDIT,04/03/2023,"Zelle payment from ROSIO C FERNANDEZ VELA 16726098862",60.00,QUICKPAY_CREDIT,589.46,,
DEBIT,03/31/2023,"Payment to Chase card ending in 3492 03/31",-1000.00,ACCT_XFER,529.46,,
DEBIT,03/31/2023,"Zelle payment to Mama  16964866682",-1000.00,QUICKPAY_DEBIT,1529.46,,
CREDIT,03/31/2023,"ABARCA HEALTH FL PAYROLL                    PPD ID: 6506940773",1966.73,ACH_CREDIT,2529.46,,
DEBIT,03/30/2023,"Prime Video*HY6WJ6422 888-802-3080 WA        03/30",-11.30,DEBIT_CARD,562.73,,
DEBIT,03/29/2023,"Amazon Digit*HY4W26JL 888-802-3080 WA        03/29",-15.99,DEBIT_CARD,574.03,,
DEBIT,03/28/2023,"Amazon web services aws.amazon.co WA         03/28",-13.00,DEBIT_CARD,590.02,,
DEBIT,03/27/2023,"Payment to Chase card ending in 3492 03/27",-600.00,ACCT_XFER,603.02,,
DEBIT,03/27/2023,"PAYPAL           INST XFER                  WEB ID: PAYPALSI77",-100.00,ACH_DEBIT,1203.02,,
CREDIT,03/27/2023,"Zelle payment from ILEANA D ALVAREZ PEREZ 16925870126",30.00,QUICKPAY_CREDIT,1303.02,,
DEBIT,03/27/2023,"APPLE CASH VISA DIRECT CA            206070  03/27",49.25,DEBIT_CARD,1273.02,,
CREDIT,03/27/2023,"Zelle payment from ANDY FORNARIS FLORES WFCT0R4Z3KLX",80.00,PARTNERFI_TO_CHASE,1223.77,,
CREDIT,03/23/2023,"Zelle payment from Idielim Bravo Torres VSA6EGRZDI4T",7.00,PARTNERFI_TO_CHASE,1143.77,,
CREDIT,03/23/2023,"Zelle payment from Dairon Batista Herrera VSAF8EN2TMJT",50.00,PARTNERFI_TO_CHASE,1136.77,,
CREDIT,03/23/2023,"Zelle payment from YELINAISYS GONZALEZ WFCT0R4RC47P",100.00,PARTNERFI_TO_CHASE,1086.77,,
CREDIT,03/23/2023,"Zelle payment from JOANNA FERNANDEZ WFCT0R4R8H9K",105.00,PARTNERFI_TO_CHASE,986.77,,
CREDIT,03/23/2023,"Zelle payment from G AND C CONTRACTOR INC BACfb2j5e5q6",110.00,PARTNERFI_TO_CHASE,881.77,,
CREDIT,03/23/2023,"Zelle payment from IRENIA PERDOMO SERPA BACcx8e4b30f",138.00,PARTNERFI_TO_CHASE,771.77,,
DEBIT,03/22/2023,"PAYPAL *GITHUB INC 402-935-7733 CA           03/21",-10.00,DEBIT_CARD,633.77,,
DEBIT,03/20/2023,"APPLE.COM/BILL 866-712-7753 CA               03/17",-11.00,DEBIT_CARD,643.77,,
DEBIT,03/17/2023,"Online Transfer to SAV ...7765 transaction#: 16850957458 03/17",-200.00,ACCT_XFER,654.77,,
DEBIT,03/17/2023,"Payment to Chase card ending in 3492 03/17",-1191.56,ACCT_XFER,854.77,,
CREDIT,03/17/2023,"ABARCA HEALTH FL PAYROLL                    PPD ID: 6506940773",1923.37,ACH_CREDIT,2046.33,,
DEBIT,03/15/2023,"Payment to Chase card ending in 3492 03/15",-300.00,ACCT_XFER,122.96,,
CREDIT,03/15/2023,"Zelle payment from PAULA OMANAS WFCT0R46H4KL",53.00,PARTNERFI_TO_CHASE,422.96,,
CREDIT,03/15/2023,"Zelle payment from BEATRIZ RODRIGUEZ GARCIA BACc8ugm4scz",54.00,PARTNERFI_TO_CHASE,369.96,,
CREDIT,03/15/2023,"Zelle payment from HILDA ORAMAS LLC 16827188280",85.00,QUICKPAY_CREDIT,315.96,,
DEBIT,03/10/2023,"Online Transfer to CHK ...8871 transaction#: 16796700949 03/10",-200.00,ACCT_XFER,230.96,,
DEBIT,03/10/2023,"Zelle payment to Elia JPM999tx0s2i",-180.00,CHASE_TO_PARTNERFI,430.96,,
CREDIT,03/10/2023,"Zelle payment from ALIUSKA VELA 16532086380",50.00,QUICKPAY_CREDIT,610.96,,
DEBIT,03/08/2023,"Zelle payment to Mama  16773513172",-200.00,QUICKPAY_DEBIT,560.96,,
DEBIT,03/08/2023,"Zelle payment to Kiki 16773524121",-100.00,QUICKPAY_DEBIT,760.96,,
DEBIT,03/08/2023,"Amazon.com*HG9CE3ZN0 Amzn.com/bill WA        03/07",-13.20,DEBIT_CARD,860.96,,
CREDIT,03/08/2023,"IRS  TREAS 310     TAX REF                  PPD ID: 9111036170",721.00,ACH_CREDIT,874.16,,
DEBIT,03/06/2023,"Zelle payment to Ceviche By The Beach JPM999tpfotn",-30.00,CHASE_TO_PARTNERFI,153.16,,
DEBIT,03/06/2023,"Zelle payment to Mangos By The Beach JPM999tpbmbo",-10.00,CHASE_TO_PARTNERFI,183.16,,
DEBIT,03/06/2023,"Payment to Chase card ending in 3492 03/06",-700.00,ACCT_XFER,193.16,,
DEBIT,03/06/2023,"Zelle payment to Mama  16743520526",-1000.00,QUICKPAY_DEBIT,893.16,,
DEBIT,03/06/2023,"ATT*BILL PAYMENT 800-288-2020 TX             03/04",-90.70,DEBIT_CARD,1893.16,,
DEBIT,03/03/2023,"PAYPAL           INST XFER  EPIC GAMES      WEB ID: PAYPALSI77",-11.99,ACH_DEBIT,1983.86,,
DEBIT,03/03/2023,"ATT*BILL PAYMENT 800-288-2020 TX             03/02",-240.61,DEBIT_CARD,1995.85,,
DEBIT,03/03/2023,"APPLE.COM/BILL 866-712-7753 CA               03/02",-8.17,DEBIT_CARD,2236.46,,
CREDIT,03/03/2023,"Zelle payment from ROSIO C FERNANDEZ VELA 16449224313",60.00,QUICKPAY_CREDIT,2244.63,,
CREDIT,03/03/2023,"ABARCA HEALTH FL PAYROLL                    PPD ID: 6506940773",1923.36,ACH_CREDIT,2184.63,,
DEBIT,03/02/2023,"Amazon web services aws.amazon.co WA         03/02",-28.13,DEBIT_CARD,261.27,,
DEBIT,03/01/2023,"Amazon Digit*HD08G9XH 888-802-3080 WA        03/01",-15.99,DEBIT_CARD,289.40,,
DEBIT,03/01/2023,"Prime Video*HD4K36GY2 888-802-3080 WA        03/01",-11.30,DEBIT_CARD,305.39,,
DEBIT,02/27/2023,"PAYPAL           INST XFER                  WEB ID: PAYPALSI77",-100.00,ACH_DEBIT,316.69,,
DEBIT,02/22/2023,"PAYPAL *GITHUB INC 402-935-7733 CA           02/22",-10.00,DEBIT_CARD,416.69,,
DEBIT,02/21/2023,"Zelle payment to Juan Raul Piedra 16615287149",-220.00,QUICKPAY_DEBIT,426.69,,
DEBIT,02/21/2023,"APPLE.COM/BILL 866-712-7753 CA               02/18",-2.99,DEBIT_CARD,646.69,,
CREDIT,02/21/2023,"PAYPAL           TRANSFER                   PPD ID: PAYPALSD11",64.20,ACH_CREDIT,649.68,,
DEBIT,02/17/2023,"Payment to Chase card ending in 3492 02/17",-1457.31,ACCT_XFER,585.48,,
DEBIT,02/17/2023,"AMZN Mktp US*HE2KA6B Amzn.com/bill WA        02/16",-34.07,DEBIT_CARD,2042.79,,
CREDIT,02/17/2023,"ABARCA HEALTH FL PAYROLL                    PPD ID: 6506940773",1923.37,ACH_CREDIT,2076.86,,
DEBIT,02/16/2023,"AMZN Mktp US*HE3UZ3M Amzn.com/bill WA        02/16",-6.63,DEBIT_CARD,153.49,,
DEBIT,02/16/2023,"AMZN Mktp US*HE15S0P Amzn.com/bill WA        02/16",-48.59,DEBIT_CARD,160.12,,
DEBIT,02/15/2023,"Zelle payment to Kiki 16586788484",-1000.00,QUICKPAY_DEBIT,208.71,,
DEBIT,02/15/2023,"APPLE.COM/BILL 866-712-7753 CA               02/15",-11.00,DEBIT_CARD,1208.71,,
CREDIT,02/15/2023,"Zelle payment from LIARA GONZALEZ 16590488412",85.00,QUICKPAY_CREDIT,1219.71,,
DSLIP,02/15/2023,"DEPOSIT  ID NUMBER 933379",900.00,DEPOSIT,1134.71,,
DEBIT,02/14/2023,"Amazon.com*HE2K92240 Amzn.com/bill WA        02/13",-106.96,DEBIT_CARD,234.71,,
DEBIT,02/13/2023,"Zelle payment to Kiki 16564369260",-50.00,QUICKPAY_DEBIT,341.67,,
DEBIT,02/13/2023,"PAYPAL           INST XFER  GYMSHARKUSA     WEB ID: PAYPALSI77",-82.85,ACH_DEBIT,391.67,,
DEBIT,02/10/2023,"AMZN Mktp US*GL8PT31 Amzn.com/bill WA        02/10",-31.02,DEBIT_CARD,474.52,,
CREDIT,02/10/2023,"Zelle payment from ALIUSKA VELA 16254656668",50.00,QUICKPAY_CREDIT,505.54,,
DEBIT,02/08/2023,"Amazon.com*QK08F04L3 Amzn.com/bill WA        02/08",-10.67,DEBIT_CARD,455.54,,
DEBIT,02/06/2023,"Amazon web services aws.amazon.co WA         02/06",-30.59,DEBIT_CARD,466.21,,
DEBIT,02/06/2023,"Zelle payment to Armando JPM999pr6yf4",-25.00,CHASE_TO_PARTNERFI,496.80,,
DEBIT,02/06/2023,"Zelle payment to Elia JPM999pc9mls",-180.00,CHASE_TO_PARTNERFI,521.80,,
DEBIT,02/03/2023,"Zelle payment to Manny Panties 16458756136",-22.00,QUICKPAY_DEBIT,701.80,,
DEBIT,02/03/2023,"CASH APP*MARITZA MA 8774174551 CA            02/03",-26.75,DEBIT_CARD,723.80,,
DEBIT,02/03/2023,"Zelle payment to Mama  16455733193",-1000.00,QUICKPAY_DEBIT,750.55,,
DEBIT,02/03/2023,"ATT*BILL PAYMENT 800-288-2020 TX             02/02",-249.98,DEBIT_CARD,1750.55,,
CREDIT,02/03/2023,"Zelle payment from ROSIO C FERNANDEZ VELA 16193332320",60.00,QUICKPAY_CREDIT,2000.53,,
CREDIT,02/03/2023,"ABARCA HEALTH FL PAYROLL                    PPD ID: 6506940773",1923.37,ACH_CREDIT,1940.53,,
DEBIT,02/01/2023,"ATT*BILL PAYMENT 800-288-2020 TX             01/31",-90.70,DEBIT_CARD,17.16,,
CREDIT,02/01/2023,"Online Transfer from SAV ...7765 transaction#: 16433573112",100.00,ACCT_XFER,107.86,,
DEBIT,01/30/2023,"AMZN Mktp US*AT77U8F Amzn.com/bill WA        01/28",-36.85,DEBIT_CARD,7.86,,
DEBIT,01/26/2023,"Zelle payment to Elia JPM999lcde4r",-245.00,CHASE_TO_PARTNERFI,44.71,,
DEBIT,01/26/2023,"PAYPAL           INST XFER                  WEB ID: PAYPALSI77",-100.00,ACH_DEBIT,289.71,,
CREDIT,01/26/2023,"Online Transfer from SAV ...7765 transaction#: 16382271095",245.00,ACCT_XFER,389.71,,
DEBIT,01/25/2023,"APPLE.COM/BILL 866-712-7753 CA               01/24",-4.99,DEBIT_CARD,144.71,,
DEBIT,01/23/2023,"PARADISE PARKING 305-9328600 FL              01/22",-12.25,DEBIT_CARD,149.70,,
DEBIT,01/23/2023,"PAYPAL *GITHUB INC 402-935-7733 CA           01/21",-10.00,DEBIT_CARD,161.95,,
CREDIT,01/23/2023,"Online Transfer from SAV ...7765 transaction#: 16353917319",100.00,ACCT_XFER,171.95,,
DEBIT,01/20/2023,"Payment to Chase card ending in 3492 01/20",-2181.94,ACCT_XFER,71.95,,
CREDIT,01/20/2023,"ABARCA HEALTH FL PAYROLL                    PPD ID: 6506940773",1926.13,ACH_CREDIT,2253.89,,
DEBIT,01/19/2023,"APPLE.COM/BILL 866-712-7753 CA               01/19",-15.99,DEBIT_CARD,327.76,,
DEBIT,01/19/2023,"APPLE.COM/BILL 866-712-7753 CA               01/19",-2.99,DEBIT_CARD,343.75,,
DEBIT,01/17/2023,"Prime Video *AF53T1EC 888-802-3080 WA        01/17",-4.52,DEBIT_CARD,346.74,,
DEBIT,01/17/2023,"Zelle payment to Nani  16304762118",-20.00,QUICKPAY_DEBIT,351.26,,
DEBIT,01/17/2023,"APPLE.COM/BILL 866-712-7753 CA               01/15",-11.00,DEBIT_CARD,371.26,,
CREDIT,01/12/2023,"Zelle payment from ROSIO C FERNANDEZ VELA 16275307428",90.00,QUICKPAY_CREDIT,382.26,,
CREDIT,01/10/2023,"Zelle payment from ALIUSKA VELA 16003426907",50.00,QUICKPAY_CREDIT,292.26,,
DEBIT,01/09/2023,"CASH APP*LESTER MOL 8774174551 CA            01/08",-30.00,DEBIT_CARD,242.26,,
DEBIT,01/09/2023,"Amazon.com*9T4SP0CW3 Amzn.com/bill WA        01/09",-12.14,DEBIT_CARD,272.26,,
DEBIT,01/06/2023,"Payment to Chase card ending in 3492 01/06",-1900.00,ACCT_XFER,284.40,,
CREDIT,01/05/2023,"ABARCA HEALTH FL PAYROLL                    PPD ID: 6506940773",1926.14,ACH_CREDIT,2184.40,,
DEBIT,01/03/2023,"PAYPAL           INST XFER  EPIC GAMES      WEB ID: PAYPALSI77",-11.99,ACH_DEBIT,258.26,,
DEBIT,01/03/2023,"ATT*BILL PAYMENT 800-288-2020 TX             01/02",-240.99,DEBIT_CARD,270.25,,
DEBIT,01/03/2023,"Amazon web services aws.amazon.co WA         01/02",-30.59,DEBIT_CARD,511.24,,
DEBIT,01/03/2023,"ATT*BILL PAYMENT 800-288-2020 TX             01/01",-90.70,DEBIT_CARD,541.83,,
CREDIT,01/03/2023,"Zelle payment from ROSIO C FERNANDEZ VELA 15944581597",60.00,QUICKPAY_CREDIT,632.53,,
DEBIT,12/30/2022,"Zelle payment to Kiki 16164558043",-150.00,QUICKPAY_DEBIT,572.53,,
DEBIT,12/30/2022,"Prime Video*B06PF22G3 888-802-3080 WA        12/30",-11.30,DEBIT_CARD,722.53,,
CREDIT,12/30/2022,"Zelle payment from ELIA ARMAS BACemkbta7r9",25.00,PARTNERFI_TO_CHASE,733.83,,
CREDIT,12/30/2022,"Zelle payment from ELIA ARMAS BACccyfa4rou",100.00,PARTNERFI_TO_CHASE,708.83,,
CREDIT,12/30/2022,"Zelle payment from ELIA ARMAS BACfnalyluys",240.00,PARTNERFI_TO_CHASE,608.83,,
DEBIT,12/29/2022,"Amazon Digit*3T70Y5DS 888-802-3080 WA        12/29",-14.99,DEBIT_CARD,368.83,,
DEBIT,12/28/2022,"APPLE.COM/BILL 866-712-7753 CA               12/28",-11.99,DEBIT_CARD,383.82,,
DEBIT,12/27/2022,"PAYPAL           INST XFER                  WEB ID: PAYPALSI77",-100.00,ACH_DEBIT,395.81,,
DEBIT,12/27/2022,"Payment to Chase card ending in 3492 12/27",-400.00,ACCT_XFER,495.81,,
DEBIT,12/27/2022,"Zelle payment to Mama  16129877834",-1000.00,QUICKPAY_DEBIT,895.81,,
DEBIT,12/27/2022,"Online Transfer to CHK ...8871 transaction#: 16129876333 12/27",-200.00,ACCT_XFER,1895.81,,
DEBIT,12/23/2022,"PAYPAL           INST XFER  UBER            WEB ID: PAYPALSI77",-20.94,ACH_DEBIT,2095.81,,
CREDIT,12/23/2022,"ABARCA HEALTH FL PAYROLL                    PPD ID: 6506940773",1906.85,ACH_CREDIT,2116.75,,
DEBIT,12/22/2022,"PAYPAL *GITHUB INC 402-935-7733 CA           12/21",-10.00,DEBIT_CARD,209.90,,
DEBIT,12/22/2022,"APPLE.COM/BILL 866-712-7753 CA               12/21",-15.99,DEBIT_CARD,219.90,,
DEBIT,12/21/2022,"Zelle payment to Kiki 16092609977",-100.00,QUICKPAY_DEBIT,235.89,,
DEBIT,12/19/2022,"Zelle payment to Flower JPM999juxnd0",-20.00,CHASE_TO_PARTNERFI,335.89,,
DEBIT,12/19/2022,"APPLE.COM/BILL 866-712-7753 CA               12/18",-2.99,DEBIT_CARD,355.89,,
DEBIT,12/19/2022,"APPLE.COM/BILL 866-712-7753 CA               12/17",-11.00,DEBIT_CARD,358.88,,
DEBIT,12/13/2022,"PATRICK NJOGU    IAT PAYPAL 1024087710061   WEB ID: 770510487C",-89.25,ACH_DEBIT,369.88,,
DEBIT,12/13/2022,"Payment to Chase card ending in 3492 12/13",-172.10,ACCT_XFER,459.13,,
CREDIT,12/13/2022,"Zelle payment from LIARA GONZALEZ 16025389342",90.00,QUICKPAY_CREDIT,631.23,,
DEBIT,12/12/2022,"Online Transfer to SAV ...7765 transaction#: 16006635665 12/12",-300.00,ACCT_XFER,541.23,,
DEBIT,12/12/2022,"Amazon.com*D762H4F13 Amzn.com/bill WA        12/09",-12.10,DEBIT_CARD,841.23,,
CREDIT,12/12/2022,"Zelle payment from ELIA ARMAS BACc8gblps8e",45.00,PARTNERFI_TO_CHASE,853.33,,
CREDIT,12/12/2022,"Zelle payment from ALIUSKA VELA 15756577723",50.00,QUICKPAY_CREDIT,808.33,,
DEBIT,12/09/2022,"Payment to Chase card ending in 3492 12/09",-1307.50,ACCT_XFER,758.33,,
CREDIT,12/09/2022,"ABARCA HEALTH FL PAYROLL                    PPD ID: 6506940773",1906.85,ACH_CREDIT,2065.83,,
DEBIT,12/05/2022,"PAYPAL           INST XFER  EPIC GAMES      WEB ID: PAYPALSI77",-1.41,ACH_DEBIT,158.98,,
DEBIT,12/05/2022,"Zelle payment to Elia JPM999jadifq",-80.00,CHASE_TO_PARTNERFI,160.39,,
DEBIT,12/05/2022,"Zelle payment to Kiki 15944335181",-50.00,QUICKPAY_DEBIT,240.39,,
DEBIT,12/05/2022,"ATT*BILL PAYMENT 800-288-2020 TX             12/03",-70.70,DEBIT_CARD,290.39,,
DEBIT,12/05/2022,"ATT*BILL PAYMENT 800-288-2020 TX             12/02",-240.99,DEBIT_CARD,361.09,,
DEBIT,12/05/2022,"Amazon web services aws.amazon.co WA         12/03",-29.77,DEBIT_CARD,602.08,,
CREDIT,12/05/2022,"Zelle payment from ROSIO C FERNANDEZ VELA 15699040461",60.00,QUICKPAY_CREDIT,631.85,,
DEBIT,12/01/2022,"Prime Video*GW69G4033 888-802-3080 WA        11/30",-11.30,DEBIT_CARD,571.85,,
DEBIT,11/29/2022,"Amazon Digit*5W7L84R2 888-802-3080 WA        11/29",-14.99,DEBIT_CARD,583.15,,
DEBIT,11/28/2022,"Zelle payment to Kiki 15889201477",-100.00,QUICKPAY_DEBIT,598.14,,
DEBIT,11/25/2022,"Zelle payment to Mama  15879402995",-1000.00,QUICKPAY_DEBIT,698.14,,
DEBIT,11/25/2022,"Payment to Chase card ending in 3492 11/25",-827.20,ACCT_XFER,1698.14,,
CREDIT,11/25/2022,"Zelle payment from LIARA GONZALEZ 15879631527",50.00,QUICKPAY_CREDIT,2525.34,,
CREDIT,11/25/2022,"ABARCA HEALTH FL PAYROLL                    PPD ID: 6506940773",1906.85,ACH_CREDIT,2475.34,,
CREDIT,11/23/2022,"ABARCA HEALTH FL PAYROLL                    PPD ID: 6506940773",217.67,ACH_CREDIT,568.49,,
DEBIT,11/22/2022,"PAYPAL *GITHUB INC 402-935-7733 CA           11/21",-10.00,DEBIT_CARD,350.82,,
DEBIT,11/22/2022,"APPLE.COM/BILL 866-712-7753 CA               11/21",-15.99,DEBIT_CARD,360.82,,
DEBIT,11/21/2022,"AMZN Mktp US*HI1VO02 Amzn.com/bill WA        11/18",-21.38,DEBIT_CARD,376.81,,
DEBIT,11/18/2022,"APPLE.COM/BILL 866-712-7753 CA               11/18",-2.99,DEBIT_CARD,398.19,,
DEBIT,11/18/2022,"AMZN Mktp US*HI86C25 Amzn.com/bill WA        11/18",-13.55,DEBIT_CARD,401.18,,
DEBIT,11/17/2022,"Zelle payment to GABRIEL 15818940849",-15.00,QUICKPAY_DEBIT,414.73,,
DEBIT,11/17/2022,"Zelle payment to GABRIEL 15818899588",-35.00,QUICKPAY_DEBIT,429.73,,
DEBIT,11/14/2022,"PATRICK NJOGU    IAT PAYPAL 1023487522204   WEB ID: 770510487C",-94.50,ACH_DEBIT,464.73,,
DEBIT,11/14/2022,"Zelle payment to GABRIEL 15793580849",-40.00,QUICKPAY_DEBIT,559.23,,
DEBIT,11/14/2022,"PAYPAL           INST XFER  UBER EATS       WEB ID: PAYPALSI77",-4.00,ACH_DEBIT,599.23,,
DEBIT,11/14/2022,"PAYPAL           INST XFER  UBER EATS       WEB ID: PAYPALSI77",-65.66,ACH_DEBIT,603.23,,
CREDIT,11/14/2022,"Zelle payment from LIARA GONZALEZ 15788415489",90.00,QUICKPAY_CREDIT,668.89,,
DEBIT,11/14/2022,"AMZN Mktp US Amzn.com/bill WA                11/11",53.92,DEBIT_CARD,578.89,,
DEBIT,11/10/2022,"Online Transfer to SAV ...7765 transaction#: 15762320318 11/10",-1000.00,ACCT_XFER,524.97,,
DEBIT,11/10/2022,"Payment to Chase card ending in 3492 11/10",-482.07,ACCT_XFER,1524.97,,
CREDIT,11/10/2022,"Zelle payment from ALIUSKA VELA 15506415895",50.00,QUICKPAY_CREDIT,2007.04,,
CREDIT,11/10/2022,"ABARCA HEALTH FL PAYROLL                    PPD ID: 6506940773",1906.85,ACH_CREDIT,1957.04,,
DEBIT,11/08/2022,"Amazon.com*H24U34NF2 Amzn.com/bill WA        11/07",-13.20,DEBIT_CARD,50.19,,
DEBIT,11/03/2022,"PAYPAL           INST XFER  EPIC GAMES      WEB ID: PAYPALSI77",-11.99,ACH_DEBIT,63.39,,
DEBIT,11/03/2022,"Amazon web services aws.amazon.co WA         11/02",-19.48,DEBIT_CARD,75.38,,
DEBIT,11/03/2022,"ATT*BILL PAYMENT 800-288-2020 TX             11/02",-252.52,DEBIT_CARD,94.86,,
DEBIT,11/03/2022,"AMZN Mktp US*H25OE44 Amzn.com/bill WA        11/02",-75.27,DEBIT_CARD,347.38,,
CREDIT,11/03/2022,"Zelle payment from ROSIO C FERNANDEZ VELA 15448674799",60.00,QUICKPAY_CREDIT,422.65,,
DEBIT,11/02/2022,"ATT*BILL PAYMENT 800-288-2020 TX             11/01",-70.70,DEBIT_CARD,362.65,,
CREDIT,11/02/2022,"Online Transfer from SAV ...7765 transaction#: 15692866084",100.00,ACCT_XFER,433.35,,
DEBIT,10/31/2022,"Prime Video*H01S485P1 888-802-3080 WA        10/30",-11.30,DEBIT_CARD,333.35,,
DEBIT,10/31/2022,"Online Transfer to CHK ...8871 transaction#: 15657261498 10/31",-1000.00,ACCT_XFER,344.65,,
DEBIT,10/31/2022,"Payment to Chase card ending in 3492 10/31",-141.20,ACCT_XFER,1344.65,,
DEBIT,10/31/2022,"Amazon Digit*H02UF26 amzn.com/bill WA        10/29",-14.99,DEBIT_CARD,1485.85,,
CREDIT,10/31/2022,"Zelle payment from HILDA ORAMAS LLC 15659388706",75.00,QUICKPAY_CREDIT,1500.84,,
CREDIT,10/31/2022,"Zelle payment from ESTELA ORAMAS WFCT0QS8K9VJ",106.00,PARTNERFI_TO_CHASE,1425.84,,
DEBIT,10/28/2022,"Payment to Chase card ending in 3492 10/28",-1049.81,ACCT_XFER,1319.84,,
CREDIT,10/28/2022,"ABARCA HEALTH FL PAYROLL                    PPD ID: 6506940773",1906.84,ACH_CREDIT,2369.65,,
DEBIT,10/26/2022,"PAYPAL           INST XFER                  WEB ID: PAYPALSI77",-100.00,ACH_DEBIT,462.81,,
DEBIT,10/24/2022,"PAYPAL *GITHUB INC 402-935-7733 CA           10/22",-10.00,DEBIT_CARD,562.81,,
DEBIT,10/24/2022,"AMZN Mktp US*HT23W0I Amzn.com/bill WA        10/22",-51.50,DEBIT_CARD,572.81,,
DEBIT,10/20/2022,"APPLE.COM/BILL 866-712-7753 CA               10/19",-15.99,DEBIT_CARD,624.31,,
DEBIT,10/19/2022,"Payment to Chase card ending in 3492 10/19",-152.76,ACCT_XFER,640.30,,
DEBIT,10/18/2022,"APPLE.COM/BILL 866-712-7753 CA               10/18",-2.99,DEBIT_CARD,793.06,,
CREDIT,10/18/2022,"Zelle payment from LIARA GONZALEZ 15574441568",460.00,QUICKPAY_CREDIT,796.05,,
DEBIT,10/18/2022,"AMZN Mktp US Amzn.com/bill WA                10/17",90.63,DEBIT_CARD,336.05,,
DEBIT,10/14/2022,"Online Transfer to SAV ...7765 transaction#: 15540924775 10/14",-300.00,ACCT_XFER,245.42,,
DEBIT,10/14/2022,"Payment to Chase card ending in 3492 10/14",-2411.18,ACCT_XFER,545.42,,
CREDIT,10/14/2022,"Online Transfer from SAV ...7765 transaction#: 15540897873",900.00,ACCT_XFER,2956.60,,
CREDIT,10/14/2022,"ABARCA HEALTH FL PAYROLL                    PPD ID: 6506940773",1906.86,ACH_CREDIT,2056.60,,
CREDIT,10/13/2022,"TD AMERITRADE    ACH OUT                    PPD ID: 5470533629",14.05,ACH_CREDIT,149.74,,
DEBIT,10/12/2022,"AMZN Mktp US*1K1XI69 Amzn.com/bill WA        10/11",-120.45,DEBIT_CARD,135.69,,
DEBIT,10/11/2022,"AMZN Mktp US*1K76G5P Amzn.com/bill WA        10/11",-4.59,DEBIT_CARD,256.14,,
DEBIT,10/11/2022,"Amazon.com*1K4NH5BG1 Amzn.com/bill WA        10/10",-12.10,DEBIT_CARD,260.73,,
CREDIT,10/11/2022,"Zelle payment from ALIUSKA VELA 15262470468",50.00,QUICKPAY_CREDIT,272.83,,
DEBIT,10/04/2022,"PAYPAL           INST XFER  EPIC GAMES      WEB ID: PAYPALSI77",-11.99,ACH_DEBIT,222.83,,
DEBIT,10/03/2022,"Amazon web services aws.amazon.co WA         10/03",-4.42,DEBIT_CARD,234.82,,
DEBIT,10/03/2022,"Payment to Chase card ending in 3492 10/03",-500.00,ACCT_XFER,239.24,,
DEBIT,10/03/2022,"ATT*BILL PAYMENT 800-288-2020 TX             10/02",-292.90,DEBIT_CARD,739.24,,
DEBIT,10/03/2022,"Zelle payment to Mama  15443848648",-1000.00,QUICKPAY_DEBIT,1032.14,,
DEBIT,10/03/2022,"ATT*BILL PAYMENT 800-288-2020 TX             10/02",-70.70,DEBIT_CARD,2032.14,,
CREDIT,10/03/2022,"Zelle payment from ROSIO C FERNANDEZ VELA 15208961961",60.00,QUICKPAY_CREDIT,2102.84,,
DEBIT,09/30/2022,"Prime Video*141XZ5NH1 888-802-3080 WA        09/30",-11.30,DEBIT_CARD,2042.84,,
CREDIT,09/30/2022,"ABARCA HEALTH FL PAYROLL                    PPD ID: 6506940773",1906.85,ACH_CREDIT,2054.14,,
DEBIT,09/29/2022,"Amazon Digit*149756O amzn.com/bill WA        09/29",-14.99,DEBIT_CARD,147.29,,
DEBIT,09/27/2022,"PAYPAL           INST XFER  UBER EATS       WEB ID: PAYPALSI77",-5.00,ACH_DEBIT,162.28,,
DEBIT,09/27/2022,"PAYPAL           INST XFER  UBER EATS       WEB ID: PAYPALSI77",-37.81,ACH_DEBIT,167.28,,
DEBIT,09/26/2022,"PAYPAL           INST XFER                  WEB ID: PAYPALSI77",-100.00,ACH_DEBIT,205.09,,
DEBIT,09/22/2022,"PAYPAL           INST XFER  BLIZZARDENT     WEB ID: PAYPALSI77",-69.99,ACH_DEBIT,305.09,,
DEBIT,09/22/2022,"Payment to Chase card ending in 3492 09/22",-400.00,ACCT_XFER,375.08,,
DEBIT,09/22/2022,"PAYPAL *GITHUB INC 402-935-7733 CA           09/22",-10.00,DEBIT_CARD,775.08,,
DEBIT,09/20/2022,"APPLE.COM/BILL 866-712-7753 CA               09/19",-15.99,DEBIT_CARD,785.08,,
DEBIT,09/19/2022,"APPLE.COM/BILL 866-712-7753 CA               09/18",-2.99,DEBIT_CARD,801.07,,
DEBIT,09/19/2022,"CASH APP*IGOR 8774174551 CA                  09/16",-20.00,DEBIT_CARD,804.06,,
DEBIT,09/19/2022,"AMZN Mktp US*1M09630 Amzn.com/bill WA        09/16",-36.37,DEBIT_CARD,824.06,,
DEBIT,09/16/2022,"Payment to Chase card ending in 3492 09/16",-1500.00,ACCT_XFER,860.43,,
CREDIT,09/16/2022,"ABARCA HEALTH FL PAYROLL                    PPD ID: 6506940773",1906.85,ACH_CREDIT,2360.43,,
DEBIT,09/13/2022,"Amazon.com*1M5ZW24G1 Amzn.com/bill WA        09/12",-18.71,DEBIT_CARD,453.58,,
CREDIT,09/12/2022,"Zelle payment from ALIUSKA VELA 15015444929",50.00,QUICKPAY_CREDIT,472.29,,
DEBIT,09/09/2022,"APPLE CASH 1INFINITELOOP CA                  09/08",100.00,DEBIT_CARD,422.29,,
DEBIT,09/08/2022,"Amazon.com*1F38I4FL0 Amzn.com/bill WA        09/07",-13.20,DEBIT_CARD,322.29,,
DEBIT,09/07/2022,"PAYPAL *STEAM GAMES 425-952-2985 WA          09/07",-9.99,DEBIT_CARD,335.49,,
DEBIT,09/06/2022,"Payment to Chase card ending in 3492 09/06",-500.00,ACCT_XFER,345.48,,
DEBIT,09/06/2022,"PAYPAL           INST XFER  EPIC GAMES      WEB ID: PAYPALSI77",-11.99,ACH_DEBIT,845.48,,
DEBIT,09/06/2022,"COINBASE, INC. 8325639309 CA                 09/05",-250.00,DEBIT_CARD,857.47,,
DEBIT,09/06/2022,"Amazon web services aws.amazon.co WA         09/03",-4.42,DEBIT_CARD,1107.47,,
DEBIT,09/06/2022,"ATT*BILL PAYMENT 800-288-2020 TX             09/03",-212.35,DEBIT_CARD,1111.89,,
DEBIT,09/06/2022,"APPLE CASH 1INFINITELOOP CA                  09/03",-100.00,DEBIT_CARD,1324.24,,
CREDIT,09/06/2022,"Zelle payment from ROSIO C FERNANDEZ VELA 14960947971",60.00,QUICKPAY_CREDIT,1424.24,,
DEBIT,09/02/2022,"PAYPAL           INST XFER  UBER EATS       WEB ID: PAYPALSI77",-4.00,ACH_DEBIT,1364.24,,
DEBIT,09/02/2022,"PAYPAL           INST XFER  UBER EATS       WEB ID: PAYPALSI77",-25.58,ACH_DEBIT,1368.24,,
DEBIT,09/02/2022,"Zelle payment to Mama  15201015126",-1000.00,QUICKPAY_DEBIT,1393.82,,
DEBIT,09/02/2022,"ATT*BILL PAYMENT 800-288-2020 TX             09/01",-70.70,DEBIT_CARD,2393.82,,
DEBIT,09/02/2022,"APPLE CASH 1INFINITELOOP CA                  09/01",-5.00,DEBIT_CARD,2464.52,,
CREDIT,09/02/2022,"ABARCA HEALTH FL PAYROLL                    PPD ID: 6506940773",1906.85,ACH_CREDIT,2469.52,,
DEBIT,08/31/2022,"VENMO            PAYMENT    1022068535945   WEB ID: 3264681992",-10.00,ACH_DEBIT,562.67,,
DEBIT,08/30/2022,"Prime Video*1V5G75PO1 888-802-3080 WA        08/30",-11.30,DEBIT_CARD,572.67,,
DEBIT,08/29/2022,"Payment to Chase card ending in 3492 08/29",-1000.00,ACCT_XFER,583.97,,
DEBIT,08/29/2022,"Amazon Digit*6N4646F amzn.com/bill WA        08/29",-14.99,DEBIT_CARD,1583.97,,
CREDIT,08/29/2022,"Online Transfer from SAV ...7765 transaction#: 15161204467",1000.00,ACCT_XFER,1598.96,,
DEBIT,08/26/2022,"AMZN Mktp US*4G8MR0I Amzn.com/bill WA        08/25",-81.53,DEBIT_CARD,598.96,,
DEBIT,08/25/2022,"Amazon.com*8J00V9N33 Amzn.com/bill WA        08/25",-9.44,DEBIT_CARD,680.49,,
DEBIT,08/25/2022,"AMZN Mktp US*D09CR5J Amzn.com/bill WA        08/25",-9.62,DEBIT_CARD,689.93,,
DEBIT,08/24/2022,"AMZN Mktp US*YZ0FZ1J Amzn.com/bill WA        08/24",-10.09,DEBIT_CARD,699.55,,
DEBIT,08/24/2022,"CANO HLTH - MED-PALMETT HIALEAH FL           08/23",-30.00,DEBIT_CARD,709.64,,
DEBIT,08/23/2022,"PAYPAL *GITHUB INC 402-935-7733 CA           08/22",-9.68,DEBIT_CARD,739.64,,
DEBIT,08/22/2022,"FOREIGN EXCHANGE RATE ADJUSTMENT FEE         08/19WWW.AUTOS",-2.19,FEE_TRANSACTION,749.32,,
DEBIT,08/22/2022,"PAYPAL           INST XFER  UBER EATS       WEB ID: PAYPALSI77",-6.42,ACH_DEBIT,751.51,,
DEBIT,08/22/2022,"PAYPAL           INST XFER  UBER EATS       WEB ID: PAYPALSI77",-64.28,ACH_DEBIT,757.93,,
DEBIT,08/22/2022,"PAYPAL           INST XFER                  WEB ID: PAYPALSI77",-400.00,ACH_DEBIT,822.21,,
DEBIT,08/22/2022,"AMERICAN AIR00106105499 FORT WORTH TX        08/20",-6.97,DEBIT_CARD,1222.21,,
DEBIT,08/22/2022,"AMERICAN AIR00106105499 FORT WORTH TX        08/20",-18.91,DEBIT_CARD,1229.18,,
DEBIT,08/22/2022,"WWW.AUTOSTRADE.IT-PAGAM ROMA                 08/19 Euro       71.70 X 1.019526 (EXCHG RTE)",-73.10,DEBIT_CARD,1248.09,,
DEBIT,08/22/2022,"APPLE.COM/BILL 866-712-7753 CA               08/19",-15.99,DEBIT_CARD,1321.19,,
DEBIT,08/19/2022,"Payment to Chase card ending in 3492 08/19",-1000.00,ACCT_XFER,1337.18,,
DEBIT,08/19/2022,"APPLE.COM/BILL 866-712-7753 CA               08/18",-2.99,DEBIT_CARD,2337.18,,
CREDIT,08/19/2022,"ABARCA HEALTH FL PAYROLL                    PPD ID: 6506940773",1906.85,ACH_CREDIT,2340.17,,
DEBIT,08/18/2022,"FOREIGN EXCHANGE RATE ADJUSTMENT FEE         08/17FARMACIA",-0.42,FEE_TRANSACTION,433.32,,
DEBIT,08/18/2022,"FARMACIA FRANCHI FIRENZE                     08/17 Euro       14.00 X 1.020000 (EXCHG RTE)",-14.28,DEBIT_CARD,433.74,,
DEBIT,08/17/2022,"ELVIS ZGURA      IAT PAYPAL 1021825085736   WEB ID: 770510487C",-35.69,ACH_DEBIT,448.02,,
DEBIT,08/15/2022,"Payment to Chase card ending in 3492 08/15",-600.00,ACCT_XFER,483.71,,
CREDIT,08/15/2022,"Zelle payment from ROSIO C FERNANDEZ VELA 15049867439",600.00,QUICKPAY_CREDIT,1083.71,,
DEBIT,08/12/2022,"AAA ACG FL0088R MIAMI FL                     08/11",-32.84,DEBIT_CARD,483.71,,
CREDIT,08/10/2022,"Zelle payment from LIARA GONZALEZ 15021983538",50.00,QUICKPAY_CREDIT,516.55,,
CREDIT,08/10/2022,"Zelle payment from ALIUSKA VELA 14776422003",50.00,QUICKPAY_CREDIT,466.55,,
DEBIT,08/08/2022,"PAYPAL           INST XFER  DING EZETOP     WEB ID: PAYPALSI77",-25.38,ACH_DEBIT,416.55,,
DEBIT,08/08/2022,"Amazon.com*5S9YW28E3 Amzn.com/bill WA        08/07",-12.10,DEBIT_CARD,441.93,,
DEBIT,08/05/2022,"Payment to Chase card ending in 3492 08/05",-600.00,ACCT_XFER,454.03,,
DEBIT,08/05/2022,"Zelle payment to Mama  14981390813",-1000.00,QUICKPAY_DEBIT,1054.03,,
CREDIT,08/05/2022,"ABARCA HEALTH FL PAYROLL                    PPD ID: 6506940773",1906.85,ACH_CREDIT,2054.03,,
DEBIT,08/04/2022,"PAYPAL           INST XFER  EPIC GAMES      WEB ID: PAYPALSI77",-11.99,ACH_DEBIT,147.18,,
DEBIT,08/03/2022,"Amazon web services aws.amazon.co WA         08/03",-4.42,DEBIT_CARD,159.17,,
DEBIT,08/03/2022,"ATT*BILL PAYMENT 800-288-2020 TX             08/02",-220.46,DEBIT_CARD,163.59,,
DEBIT,08/03/2022,"APPLE CASH 877-233-8552 CA                   08/02",-30.00,DEBIT_CARD,384.05,,
CREDIT,08/03/2022,"Zelle payment from ROSIO C FERNANDEZ VELA 14724255348",60.00,QUICKPAY_CREDIT,414.05,,
DEBIT,08/02/2022,"ATT*BILL PAYMENT 800-288-2020 TX             08/01",-70.70,DEBIT_CARD,354.05,,
DEBIT,08/01/2022,"Prime Video*AD19A0GO3 888-802-3080 WA        07/30",-11.30,DEBIT_CARD,424.75,,
DEBIT,08/01/2022,"AMZN Mktp US*NR0ES5K Amzn.com/bill WA        07/30",-24.43,DEBIT_CARD,436.05,,
CREDIT,08/01/2022,"Zelle payment from ELIA ARMAS BACh4k02lc81",73.00,PARTNERFI_TO_CHASE,460.48,,
DEBIT,07/29/2022,"PAYPAL           INST XFER  EPIC GAMES      WEB ID: PAYPALSI77",-9.99,ACH_DEBIT,387.48,,
DEBIT,07/29/2022,"Amazon Digit*329DR3O amzn.com/bill WA        07/29",-14.99,DEBIT_CARD,397.47,,
DEBIT,07/28/2022,"PAYPAL           INST XFER  UBER EATS       WEB ID: PAYPALSI77",-3.00,ACH_DEBIT,412.46,,
DEBIT,07/28/2022,"PAYPAL           INST XFER  UBER EATS       WEB ID: PAYPALSI77",-19.07,ACH_DEBIT,415.46,,
DEBIT,07/27/2022,"AMZN Mktp US*L08HA8T Amzn.com/bill WA        07/27",-26.89,DEBIT_CARD,434.53,,
DEBIT,07/26/2022,"COINBASE, INC. 8325639309 CA                 07/25",-258.00,DEBIT_CARD,461.42,,
DEBIT,07/25/2022,"PAYPAL           INST XFER                  WEB ID: PAYPALSI77",-500.00,ACH_DEBIT,719.42,,
DEBIT,07/25/2022,"AMZN Mktp US*HX6XE8K Amzn.com/bill WA        07/25",-39.04,DEBIT_CARD,1219.42,,
DEBIT,07/25/2022,"Online Transfer to CHK ...8871 transaction#: 14881640044 07/25",-1000.00,ACCT_XFER,1258.46,,
DEBIT,07/22/2022,"CASH APP*ROBERTO RO 8774174551 CA            07/21",-15.00,DEBIT_CARD,2258.46,,
DEBIT,07/22/2022,"PAYPAL *NIKONTBSK8 402-935-7733 CA           07/21",-25.00,DEBIT_CARD,2273.46,,
DEBIT,07/22/2022,"CASH APP*ALEX ROSE 8774174551 CA             07/21",-21.00,DEBIT_CARD,2298.46,,
CREDIT,07/22/2022,"ABARCA HEALTH FL PAYROLL                    PPD ID: 6506940773",1906.85,ACH_CREDIT,2319.46,,
DEBIT,07/21/2022,"Payment to Chase card ending in 3492 07/21",-500.00,ACCT_XFER,412.61,,
DEBIT,07/19/2022,"PAYPAL *LIFESPANINC 408-627-0523 CA          07/19",-18.60,DEBIT_CARD,912.61,,
DEBIT,07/18/2022,"PAYPAL *JEIMY.FIGUERO 402-935-7733 CA        07/17",-2.00,DEBIT_CARD,931.21,,
DEBIT,07/18/2022,"PAYPAL *JEIMY.FIGUERO 402-935-7733 CA        07/17",-10.00,DEBIT_CARD,933.21,,
DEBIT,07/15/2022,"PAYPAL           INST XFER  BLIZZARDENT     WEB ID: PAYPALSI77",-10.00,ACH_DEBIT,943.21,,
CREDIT,07/15/2022,"Zelle payment from LIARA GONZALEZ 14821974912",280.00,QUICKPAY_CREDIT,953.21,,
DEBIT,07/14/2022,"PAYPAL           INST XFER                  WEB ID: PAYPALSI77",-274.00,ACH_DEBIT,673.21,,
CREDIT,07/14/2022,"Zelle payment from ALIUSKA VELA 14805523201",300.00,QUICKPAY_CREDIT,947.21,,
CREDIT,07/13/2022,"Zelle payment from ROSIO C FERNANDEZ VELA 14798808857",180.00,QUICKPAY_CREDIT,647.21,,
DEBIT,07/11/2022,"Payment to Chase card ending in 3492 07/11",-500.00,ACCT_XFER,467.21,,
CREDIT,07/11/2022,"Zelle payment from ALIUSKA VELA 14543686952",50.00,QUICKPAY_CREDIT,967.21,,
DEBIT,07/08/2022,"Online Transfer to CHK ...8871 transaction#: 14767763364 07/08",-1000.00,ACCT_XFER,917.21,,
DEBIT,07/08/2022,"PAYPAL           INST XFER  AIRBNB  TAWTXN8 WEB ID: PAYPALSI77",-71.50,ACH_DEBIT,1917.21,,
DEBIT,07/08/2022,"AMZN Mktp US*PG3DD8N Amzn.com/bill WA        07/07",-9.62,DEBIT_CARD,1988.71,,
DEBIT,07/08/2022,"Amazon.com*IA74L2F73 Amzn.com/bill WA        07/07",-9.20,DEBIT_CARD,1998.33,,
CREDIT,07/08/2022,"ABARCA HEALTH FL PAYROLL                    PPD ID: 6506940773",1906.84,ACH_CREDIT,2007.53,,
DEBIT,07/07/2022,"AMZN Mktp US*WL18W9I Amzn.com/bill WA        07/06",-16.04,DEBIT_CARD,100.69,,
DEBIT,07/07/2022,"Amazon.com*TI1VL09Q3 Amzn.com/bill WA        07/06",-16.69,DEBIT_CARD,116.73,,
DEBIT,07/05/2022,"Zelle payment to Manny Panties 14741361099",-50.00,QUICKPAY_DEBIT,133.42,,
DEBIT,07/05/2022,"PAYPAL           INST XFER  EPIC GAMES      WEB ID: PAYPALSI77",-11.99,ACH_DEBIT,183.42,,
DEBIT,07/05/2022,"Zelle payment to Valet The Ivy 14729102170",-10.00,QUICKPAY_DEBIT,195.41,,
DEBIT,07/05/2022,"Zelle payment to Vallet JPM999dlx3sm",-10.00,CHASE_TO_PARTNERFI,205.41,,
DEBIT,07/05/2022,"Zelle payment to Mama  14727220130",-1000.00,QUICKPAY_DEBIT,215.41,,
DEBIT,07/05/2022,"CASH APP*LESTER MOL 8774174551 CA            07/03",-30.00,DEBIT_CARD,1215.41,,
DEBIT,07/05/2022,"ATT*BILL PAYMENT 800-288-2020 TX             07/03",-70.70,DEBIT_CARD,1245.41,,
DEBIT,07/05/2022,"AMZN Mktp US*5G2QY37 Amzn.com/bill WA        07/04",-27.80,DEBIT_CARD,1316.11,,
DEBIT,07/05/2022,"TST* Moshi Moshi MIMO Miami FL               07/02",-66.96,DEBIT_CARD,1343.91,,
DEBIT,07/05/2022,"ATT*BILL PAYMENT 800-288-2020 TX             07/02",-210.67,DEBIT_CARD,1410.87,,
DEBIT,07/05/2022,"Amazon web services aws.amazon.co WA         07/02",-4.42,DEBIT_CARD,1621.54,,
CREDIT,07/05/2022,"Zelle payment from ROSIO C FERNANDEZ VELA 14490331520",60.00,QUICKPAY_CREDIT,1625.96,,
DEBIT,06/30/2022,"Prime Video*ZG5WA6WP3 888-802-3080 WA        06/30",-11.30,DEBIT_CARD,1565.96,,
DEBIT,06/29/2022,"Amazon Digit*P34D09W amzn.com/bill WA        06/29",-14.99,DEBIT_CARD,1577.26,,
DEBIT,06/27/2022,"Zelle payment to Bry JPM999dbtxyc",-60.00,CHASE_TO_PARTNERFI,1592.25,,
DEBIT,06/24/2022,"Payment to Chase card ending in 3492 06/24",-1560.11,ACCT_XFER,1652.25,,
DEBIT,06/24/2022,"PAYPAL           INST XFER  EPIC GAMES      WEB ID: PAYPALSI77",-31.99,ACH_DEBIT,3212.36,,
CREDIT,06/24/2022,"ABARCA HEALTH FL DIRECT DEP                 PPD ID: 9444444404",1890.19,ACH_CREDIT,3244.35,,
DEBIT,06/23/2022,"Zelle payment to Kiki 14643048489",-60.00,QUICKPAY_DEBIT,1354.16,,
CREDIT,06/23/2022,"Zelle payment from LIARA GONZALEZ 14643062908",70.00,QUICKPAY_CREDIT,1414.16,,
DEBIT,06/21/2022,"APPLE.COM/BILL 866-712-7753 CA               06/18",-2.99,DEBIT_CARD,1344.16,,
DEBIT,06/13/2022,"Payment to Chase card ending in 3492 06/13",-1000.00,ACCT_XFER,1347.15,,
DEBIT,06/13/2022,"Zelle payment to Nizar Taki 14568045876",-70.00,QUICKPAY_DEBIT,2347.15,,
DEBIT,06/13/2022,"Zelle payment to Valet Mint 14565324415",-7.00,QUICKPAY_DEBIT,2417.15,,
DEBIT,06/13/2022,"Zelle payment to Kiki 14558309988",-80.00,QUICKPAY_DEBIT,2424.15,,
DEBIT,06/10/2022,"Payment to Chase card ending in 3492 06/10",-700.00,ACCT_XFER,2504.15,,
DEBIT,06/10/2022,"SQ *SCHNEBLY REDLAND'S gosq.com FL           06/10",-32.10,DEBIT_CARD,3204.15,,
CREDIT,06/10/2022,"Zelle payment from ALIUSKA VELA 14308657687",50.00,QUICKPAY_CREDIT,3236.25,,
CREDIT,06/10/2022,"ABARCA HEALTH FL DIRECT DEP                 PPD ID: 9111111102",1890.18,ACH_CREDIT,3186.25,,
DEBIT,06/09/2022,"PAYPAL           INST XFER  EPIC GAMES      WEB ID: PAYPALSI77",-15.99,ACH_DEBIT,1296.07,,
DEBIT,06/09/2022,"CAFE TROPICAL CUBAN MIAMI GARDENS FL         06/08",-27.57,DEBIT_CARD,1312.06,,
DEBIT,06/06/2022,"PAYPAL           INST XFER  EPIC GAMES      WEB ID: PAYPALSI77",-11.99,ACH_DEBIT,1339.63,,
DEBIT,06/06/2022,"PAYPAL           INST XFER  EPIC GAMES      WEB ID: PAYPALSI77",-22.49,ACH_DEBIT,1351.62,,
DEBIT,06/06/2022,"Amazon web services aws.amazon.co WA         06/06",-5.00,DEBIT_CARD,1374.11,,
DEBIT,06/06/2022,"AMZN Mktp US*JB0HS7M Amzn.com/bill WA        06/04",-82.37,DEBIT_CARD,1379.11,,
DEBIT,06/03/2022,"Zelle payment to Manny Panties 14499505622",-40.00,QUICKPAY_DEBIT,1461.48,,
DEBIT,06/03/2022,"Amazon web services aws.amazon.co WA         06/02",-3.92,DEBIT_CARD,1501.48,,
DEBIT,06/03/2022,"ATT*BILL PAYMENT 800-288-2020 TX             06/02",-244.28,DEBIT_CARD,1505.40,,
CREDIT,06/03/2022,"Zelle payment from ROSIO C FERNANDEZ VELA 14254693084",60.00,QUICKPAY_CREDIT,1749.68,,
DEBIT,06/02/2022,"Payment to Chase card ending in 3492 06/02",-900.00,ACCT_XFER,1689.68,,
DEBIT,06/02/2022,"ATT*BILL PAYMENT 800-288-2020 TX             06/01",-70.70,DEBIT_CARD,2589.68,,
CREDIT,06/02/2022,"ABARCA FL DESEMB PAYMENTS   1218            CCD ID: 2812305300",975.47,ACH_CREDIT,2660.38,,
DEBIT,06/01/2022,"Payment to Chase card ending in 3492 06/01",-100.00,ACCT_XFER,1684.91,,
DEBIT,06/01/2022,"Zelle payment to Mama  14474398168",-1000.00,QUICKPAY_DEBIT,1784.91,,
DEBIT,05/31/2022,"PAYPAL           INST XFER  EPIC GAMES      WEB ID: PAYPALSI77",-7.99,ACH_DEBIT,2784.91,,
DEBIT,05/31/2022,"Prime Video*1X5AV8F20 888-802-3080 WA        05/30",-11.30,DEBIT_CARD,2792.90,,
DEBIT,05/31/2022,"PAYPAL *JETBRAINSAM 402-935-7733 CA          05/30",-52.91,DEBIT_CARD,2804.20,,
DEBIT,05/31/2022,"Amazon Digit*1R0JT6Y amzn.com/bill WA        05/29",-14.99,DEBIT_CARD,2857.11,,
CREDIT,05/31/2022,"Zelle payment from JESUS NASSER WFCT0QGTPZ6W",12.00,PARTNERFI_TO_CHASE,2872.10,,
CREDIT,05/27/2022,"ABARCA HEALTH FL DIRECT DEP                 PPD ID: 9444444404",1890.18,ACH_CREDIT,2860.10,,
DEBIT,05/26/2022,"PAYPAL           INST XFER                  WEB ID: PAYPALSI77",-103.00,ACH_DEBIT,969.92,,
DEBIT,05/26/2022,"SPRINGS RETAIL CORP MIAMI FL                 05/25",-47.06,DEBIT_CARD,1072.92,,
DEBIT,05/24/2022,"Payment to Chase card ending in 3492 05/24",-60.00,ACCT_XFER,1119.98,,
DEBIT,05/24/2022,"FOOD STORES MIAMI GARDENS FL                 05/22",-16.64,DEBIT_CARD,1179.98,,
DEBIT,05/23/2022,"Prime Video*1X6BT83W1 888-802-3080 WA        05/22",-4.52,DEBIT_CARD,1196.62,,
DEBIT,05/23/2022,"Payment to Chase card ending in 3492 05/23",-40.00,ACCT_XFER,1201.14,,
DEBIT,05/19/2022,"Prime Video*1R8QS5701 888-802-3080 WA        05/19",-4.52,DEBIT_CARD,1241.14,,
DEBIT,05/19/2022,"APPLE.COM/BILL 866-712-7753 CA               05/19",-2.99,DEBIT_CARD,1245.66,,
DEBIT,05/16/2022,"Payment to Chase card ending in 3492 05/16",-1500.00,ACCT_XFER,1248.65,,
DEBIT,05/16/2022,"PAYPAL           INST XFER  UBER EATS       WEB ID: PAYPALSI77",-4.41,ACH_DEBIT,2748.65,,
DEBIT,05/16/2022,"PAYPAL           INST XFER  UBER EATS       WEB ID: PAYPALSI77",-29.42,ACH_DEBIT,2753.06,,
DEBIT,05/16/2022,"Zelle payment to Kiki 14343758585",-440.00,QUICKPAY_DEBIT,2782.48,,
DEBIT,05/16/2022,"CASH APP*LESTER MOL 8774174551 CA            05/13",-23.00,DEBIT_CARD,3222.48,,
CREDIT,05/16/2022,"Zelle payment from LIARA GONZALEZ 14348197270",15.00,QUICKPAY_CREDIT,3245.48,,
CREDIT,05/16/2022,"Zelle payment from ALFREDO BERMUDEZ WFCT0QFY5KQQ",80.00,PARTNERFI_TO_CHASE,3230.48,,
DEBIT,05/16/2022,"Cash App*Cash Out VISA DIRECT CA     875141  05/15",113.28,DEBIT_CARD,3150.48,,
CREDIT,05/16/2022,"Zelle payment from MANNY ALFONSO 14346788544",140.00,QUICKPAY_CREDIT,3037.20,,
CREDIT,05/16/2022,"Zelle payment from DAMIAN RODRIGUEZ WFCT0QFY5F9K",186.00,PARTNERFI_TO_CHASE,2897.20,,
CREDIT,05/16/2022,"Zelle payment from ROSIO C FERNANDEZ VELA 14344536347",193.00,QUICKPAY_CREDIT,2711.20,,
CREDIT,05/16/2022,"Zelle payment from PAULO ALFONSO WFCT0QFY5CR5",200.00,PARTNERFI_TO_CHASE,2518.20,,
CREDIT,05/13/2022,"ABARCA HEALTH FL DIRECT DEP                 PPD ID: 9111111102",1890.19,ACH_CREDIT,2318.20,,
DEBIT,05/10/2022,"Zelle payment to Kiki 14314599719",-135.00,QUICKPAY_DEBIT,428.01,,
CREDIT,05/10/2022,"Zelle payment from ALIUSKA VELA 14050338408",50.00,QUICKPAY_CREDIT,563.01,,
DEBIT,05/06/2022,"SPRINGS RETAIL CORP MIAMI FL                 05/05",-51.34,DEBIT_CARD,513.01,,
DEBIT,05/05/2022,"07446 YF CORAL WAY CORAL GABLES FL           05/03",-2.99,DEBIT_CARD,564.35,,
DEBIT,05/04/2022,"PAYPAL *ITCH IO 631-681-1337 CA              05/04",-2.00,DEBIT_CARD,567.34,,
DEBIT,05/04/2022,"ATT*BILL PAYMENT 800-288-2020 TX             05/03",-70.20,DEBIT_CARD,569.34,,
DEBIT,05/04/2022,"ATT*BILL PAYMENT 800-288-2020 TX             05/03",-223.28,DEBIT_CARD,639.54,,
DEBIT,05/03/2022,"Online Transfer to CHK ...8871 transaction#: 14260467321 05/03",-1000.00,ACCT_XFER,862.82,,
DEBIT,05/03/2022,"MCDONALD'S F6486 MIAMI FL                    05/02",-8.38,DEBIT_CARD,1862.82,,
DEBIT,05/03/2022,"Amazon web services aws.amazon.co WA         05/02",-3.92,DEBIT_CARD,1871.20,,
DEBIT,05/03/2022,"LUNG YAI THAI TAPAS MIAMI FL                 05/02",-173.88,DEBIT_CARD,1875.12,,
CREDIT,05/03/2022,"Zelle payment from ROSIO C FERNANDEZ VELA 14029027757",60.00,QUICKPAY_CREDIT,2049.00,,
DEBIT,05/02/2022,"AC HOTEL MIAMI WYNWOOD MIAMI FL              05/01",-24.13,DEBIT_CARD,1989.00,,
DEBIT,05/02/2022,"MCDONALD'S F6204 MIAMI GARDENS FL            05/01",-6.95,DEBIT_CARD,2013.13,,
DEBIT,05/02/2022,"EXXONMOBIL    97580203 OPA LOCKA FL          04/30",-39.02,DEBIT_CARD,2020.08,,
DEBIT,05/02/2022,"KOKAI SUSHI & LOUNGE DORAL FL                04/30",-64.37,DEBIT_CARD,2059.10,,
DEBIT,05/02/2022,"Prime Video*1Q4BF2TZ0 888-802-3080 WA        04/30",-11.30,DEBIT_CARD,2123.47,,
CREDIT,05/02/2022,"Zelle payment from JAVIER ALEMAN WFCT0QF623N5",27.00,PARTNERFI_TO_CHASE,2134.77,,
CREDIT,05/02/2022,"Zelle payment from LIARA GONZALEZ 14245012467",27.00,QUICKPAY_CREDIT,2107.77,,
CREDIT,05/02/2022,"Zelle payment from ANGELICA CRUZ SERRANO BACjv2nnc7j5",50.00,PARTNERFI_TO_CHASE,2080.77,,
CREDIT,04/29/2022,"ABARCA HEALTH FL DIRECT DEP                 PPD ID: 9111111102",1890.17,ACH_CREDIT,2030.77,,
DEBIT,04/25/2022,"PAYPAL           INST XFER  UBER EATS       WEB ID: PAYPALSI77",-3.24,ACH_DEBIT,140.60,,
DEBIT,04/25/2022,"PAYPAL           INST XFER  UBER EATS       WEB ID: PAYPALSI77",-10.13,ACH_DEBIT,143.84,,
DEBIT,04/25/2022,"MIAMI CDD PARKING NORTH MIAMI FL             04/23",-3.00,DEBIT_CARD,153.97,,
DEBIT,04/25/2022,"TST* Carrot Express - M Miami FL             04/23",-8.51,DEBIT_CARD,156.97,,
DEBIT,04/25/2022,"TST* Carrot Express - M Miami FL             04/23",-9.70,DEBIT_CARD,165.48,,
CREDIT,04/25/2022,"Zelle payment from ELIA ARMAS BAClwupovu8m",23.00,PARTNERFI_TO_CHASE,175.18,,
DEBIT,04/22/2022,"Zelle payment to Kiki 14176459897",-55.00,QUICKPAY_DEBIT,152.18,,
DEBIT,04/21/2022,"KRISPY KREME #431 HIALEAH FL                 04/20",-19.09,DEBIT_CARD,207.18,,
DEBIT,04/21/2022,"SUNPASS*ACC22585154 888-865-5352 FL          04/20",-44.97,DEBIT_CARD,226.27,,
DEBIT,04/21/2022,"SHELL OIL 57543868004 MIAMI FL               04/20",-73.71,DEBIT_CARD,271.24,,
DEBIT,04/20/2022,"Zelle payment to Manny Panties 14156294210",-100.00,QUICKPAY_DEBIT,344.95,,
DEBIT,04/20/2022,"Wyre*WYRE-751214 San Francisco CA            04/19",-58.50,DEBIT_CARD,444.95,,
CREDIT,04/19/2022,"REAL TIME TRANSFER RECD FROM ABA/021000021 FROM: COINBASE REF: H5N3LEYV INFO:  IID: 20220419021000021P1BRJPM00510001644 RECD: 02:01:39 TRN: 0033751109RV",164.54,MISC_CREDIT,503.45,,
DEBIT,04/18/2022,"APPLE.COM/BILL 866-712-7753 CA               04/18",-2.99,DEBIT_CARD,338.91,,
DEBIT,04/18/2022,"ONLYFANS.COM 8886880458 IL                   04/17",-5.00,DEBIT_CARD,341.90,,
DEBIT,04/18/2022,"TST* BULLA GABLES 786-810-6215 FL            04/18",-79.70,DEBIT_CARD,346.90,,
DEBIT,04/18/2022,"Zelle payment to Kiki 14135100226",-50.00,QUICKPAY_DEBIT,426.60,,
DEBIT,04/18/2022,"Zelle payment to Kiki 14130213042",-11.00,QUICKPAY_DEBIT,476.60,,
DEBIT,04/18/2022,"TST* Night Owl Cookie C Miami FL             04/16",-1.87,DEBIT_CARD,487.60,,
DEBIT,04/18/2022,"MLE PARKING 600 LLC MIAMI FL                 04/15",-20.00,DEBIT_CARD,489.47,,
DEBIT,04/15/2022,"PAYPAL           INST XFER  DING EZETOP     WEB ID: PAYPALSI77",-25.98,ACH_DEBIT,509.47,,
DEBIT,04/15/2022,"Zelle payment to Kiki 14123072679",-35.00,QUICKPAY_DEBIT,535.45,,
DEBIT,04/15/2022,"Zelle payment to Mama  14119506802",-1000.00,QUICKPAY_DEBIT,570.45,,
DEBIT,04/15/2022,"IRS              USATAXPYMT                 PPD ID: 3387702000",-645.00,ACH_DEBIT,1570.45,,
CREDIT,04/14/2022,"ABARCA HEALTH FL DIRECT DEP                 PPD ID: 9111111102",1890.18,ACH_CREDIT,2215.45,,
DEBIT,04/11/2022,"WALGREENS #3782 HIALEAH FL                   04/09",-10.69,DEBIT_CARD,325.27,,
DEBIT,04/11/2022,"TST* CASA TIKI MIAMI FL                      04/09",-10.06,DEBIT_CARD,335.96,,
DEBIT,04/11/2022,"TST* CASA TIKI MIAMI FL                      04/09",-11.06,DEBIT_CARD,346.02,,
DEBIT,04/11/2022,"TST* CASA TIKI MIAMI FL                      04/09",-11.06,DEBIT_CARD,357.08,,
DEBIT,04/11/2022,"TST* CASA TIKI MIAMI FL                      04/09",-25.29,DEBIT_CARD,368.14,,
DEBIT,04/11/2022,"JCPENNEY 1953 HIALEAH FL                     04/08",-86.27,DEBIT_CARD,393.43,,
DEBIT,04/11/2022,"H&M0385 HIALEAH FL                           04/08",-16.04,DEBIT_CARD,479.70,,
DEBIT,04/08/2022,"APPLE.COM/BILL 866-712-7753 CA               04/08",-18.99,DEBIT_CARD,495.74,,
DEBIT,04/08/2022,"NIC*-FL SUNBIZ.ORG EGOV.COM FL               04/07",-138.75,DEBIT_CARD,514.73,,
DEBIT,04/07/2022,"Zelle payment to Swanee Mesa 14060229243",-350.00,QUICKPAY_DEBIT,653.48,,
DEBIT,04/07/2022,"TST* OASIS WYNWOOD MIAMI FL                  04/07",-21.28,DEBIT_CARD,1003.48,,
DEBIT,04/07/2022,"SPRINGS RETAIL CORP MIAMI FL                 04/06",-14.43,DEBIT_CARD,1024.76,,
DEBIT,04/06/2022,"PIZZA HUT 012336 https://ipcha FL            04/05",-32.06,DEBIT_CARD,1039.19,,
DEBIT,04/06/2022,"SPRINGS RETAIL CORP MIAMI FL                 04/05",-32.09,DEBIT_CARD,1071.25,,
CREDIT,04/06/2022,"Zelle payment from ALIUSKA VELA 13785876233",50.00,QUICKPAY_CREDIT,1103.34,,
DEBIT,04/05/2022,"SEA ISLE MARINA & YACH MIAMI FL              04/03",-5.00,DEBIT_CARD,1053.34,,
CREDIT,04/05/2022,"Online Transfer from CHK ...8871 transaction#: 14042968395",200.00,ACCT_XFER,1058.34,,
DEBIT,04/04/2022,"Zelle payment to Kiki 14036896046",-80.00,QUICKPAY_DEBIT,858.34,,
DEBIT,04/04/2022,"SHOPPES AT WEST AVENUE RICHMOND VA           04/03",-18.00,DEBIT_CARD,938.34,,
DEBIT,04/04/2022,"Amazon web services aws.amazon.co WA         04/03",-3.92,DEBIT_CARD,956.34,,
DEBIT,04/04/2022,"ATT*BILL PAYMENT 800-288-2020 TX             04/03",-273.00,DEBIT_CARD,960.26,,
DEBIT,04/04/2022,"AMERICAN AIR00106507828 FORT WORTH TX        04/02",-9.36,DEBIT_CARD,1233.26,,
DEBIT,04/04/2022,"AMERICAN AIR00124176383 FORT WORTH TX        04/02",-479.60,DEBIT_CARD,1242.62,,
DEBIT,04/01/2022,"Zelle payment to Nani  14018956299",-346.00,QUICKPAY_DEBIT,1722.22,,
DEBIT,04/01/2022,"ATT*BILL PAYMENT 800-288-2020 TX             03/31",-75.70,DEBIT_CARD,2068.22,,
CREDIT,04/01/2022,"ABARCA HEALTH FL DIRECT DEP                 PPD ID: 9111111102",1890.19,ACH_CREDIT,2143.92,,
DEBIT,03/31/2022,"CHEVRON 0308224 MIAMI SPRINGS FL             03/30",-56.73,DEBIT_CARD,253.73,,
DEBIT,03/31/2022,"SPRINGS RETAIL CORP MIAMI FL                 03/30",-14.97,DEBIT_CARD,310.46,,
DEBIT,03/31/2022,"TST* HANAVANA WINE A MIAMI SPRINGS FL        03/31",-95.81,DEBIT_CARD,325.43,,
DEBIT,03/31/2022,"MoonPay 5452 Dublin                          03/30",-30.00,DEBIT_CARD,421.24,,
DEBIT,03/29/2022,"FOOD STORES MIAMI GARDENS FL                 03/27",-22.88,DEBIT_CARD,451.24,,
DEBIT,03/28/2022,"Zelle payment to Mama  13982350710",-140.00,QUICKPAY_DEBIT,474.12,,
DEBIT,03/28/2022,"Amazon web services aws.amazon.co WA         03/27",-12.00,DEBIT_CARD,614.12,,
DEBIT,03/28/2022,"FRESCO Y MAS #231 HIALEAH FL                 03/27",-28.81,DEBIT_CARD,626.12,,
DEBIT,03/28/2022,"ROSS STORE #354 HIALEAH FL                   03/27",-156.19,DEBIT_CARD,654.93,,
DEBIT,03/28/2022,"LE BOUCHON DU GROVE COCONUT GROVE FL         03/26",-70.73,DEBIT_CARD,811.12,,
DEBIT,03/28/2022,"TARGET        000219 MIAMI GARDENS FL        03/26",-21.48,DEBIT_CARD,881.85,,
DEBIT,03/28/2022,"SPRINGS RETAIL CORP MIAMI FL                 03/25",-19.25,DEBIT_CARD,903.33,,
DEBIT,03/28/2022,"Wyre*WYRE-295108 San Francisco CA            03/25",-108.23,DEBIT_CARD,922.58,,
DEBIT,03/25/2022,"Zelle payment to Kiki 13964484275",-60.00,QUICKPAY_DEBIT,1030.81,,
DEBIT,03/25/2022,"MILAM'S MARKET #2 MIAMI SPRINGS FL           03/24",-19.10,DEBIT_CARD,1090.81,,
DEBIT,03/23/2022,"PIZZA HUT 012336 https://ipcha FL            03/22",-51.09,DEBIT_CARD,1109.91,,
DEBIT,03/23/2022,"SPRINGS RETAIL CORP MIAMI FL                 03/22",-32.09,DEBIT_CARD,1161.00,,
DEBIT,03/21/2022,"Zelle payment to Tuti Dawg Fav Alfonso Cousin JPM9999yvk76",-20.00,CHASE_TO_PARTNERFI,1193.09,,
DEBIT,03/21/2022,"AMC 0590 PEMBROKE LA PEMBROKE PINE FL        03/19",-4.79,DEBIT_CARD,1213.09,,
DEBIT,03/21/2022,"Zelle payment to Mama  13918614355",-300.00,QUICKPAY_DEBIT,1217.88,,
DEBIT,03/21/2022,"SQ *LOS PERROS RESTAURA Hialeah FL           03/19",-4.90,DEBIT_CARD,1517.88,,
DEBIT,03/21/2022,"SQ *LOS PERROS RESTAURA Hialeah FL           03/19",-20.96,DEBIT_CARD,1522.78,,
DEBIT,03/21/2022,"FANDANGO 8668575191 CA                       03/19",-21.43,DEBIT_CARD,1543.74,,
DEBIT,03/21/2022,"MILAM'S MARKET #2 MIAMI SPRINGS FL           03/18",-31.43,DEBIT_CARD,1565.17,,
DEBIT,03/21/2022,"CHEVRON 0308224 MIAMI SPRINGS FL             03/18",-67.53,DEBIT_CARD,1596.60,,
DEBIT,03/21/2022,"CHEVRON 0308224 MIAMI SPRINGS FL             03/18",-20.31,DEBIT_CARD,1664.13,,
DEBIT,03/21/2022,"EXXONMOBIL    97580203 OPA LOCKA FL          03/17",-10.09,DEBIT_CARD,1684.44,,
DEBIT,03/18/2022,"PAYPAL           INST XFER                  WEB ID: PAYPALSI77",-150.00,ACH_DEBIT,1694.53,,
CREDIT,03/18/2022,"ABARCA HEALTH FL DIRECT DEP                 PPD ID: 9111111102",1832.60,ACH_CREDIT,1844.53,,
DEBIT,03/14/2022,"Online Transfer to CHK ...8871 transaction#: 13880493270 03/14",-7.00,ACCT_XFER,11.93,,
DEBIT,03/14/2022,"ATT*BILL PAYMENT 800-331-0500 TX             03/13",-260.07,DEBIT_CARD,18.93,,
CREDIT,03/14/2022,"Zelle payment from ALIUSKA VELA 13871493108",300.00,QUICKPAY_CREDIT,279.00,,
DEBIT,03/11/2022,"MONTHLY SERVICE FEE",-12.00,FEE_TRANSACTION,-21.00,,
DEBIT,03/11/2022,"TRYHACKME LTD    IAT PAYPAL 1018944387429   WEB ID: 770510487C",-10.00,ACH_DEBIT,-9.00,,
DEBIT,03/07/2022,"Amazon web services aws.amazon.co WA         03/06",-3.92,DEBIT_CARD,1.00,,
DEBIT,03/07/2022,"EXXONMOBIL    97580203 OPA LOCKA FL          03/05",-10.66,DEBIT_CARD,4.92,,
DEBIT,03/07/2022,"ATT*BILL PAYMENT 800-288-2020 TX             03/04",-75.70,DEBIT_CARD,15.58,,
CREDIT,03/04/2022,"Online Transfer from CHK ...8871 transaction#: 13806708784",70.00,ACCT_XFER,91.28,,
DEBIT,03/03/2022,"Subscription     Acorns     7JHQ83          WEB ID: 9000142694",-3.00,ACH_DEBIT,21.28,,
CREDIT,03/03/2022,"Zelle payment from JOSE A FERNANDEZ GORDO 13795085711",100.00,QUICKPAY_CREDIT,24.28,,
CREDIT,03/02/2022,"Zelle payment from ALIUSKA VELA 13636020480",60.00,QUICKPAY_CREDIT,-75.72,,
DEBIT,02/28/2022,"INSUFFICIENT FUNDS FEE FOR A $103.00 ITEM - DETAILS: PAYPAL           INST XFER                  WEB ID: PAYPALSI77",-34.00,FEE_TRANSACTION,-135.72,,
DEBIT,02/28/2022,"PAYPAL           INST XFER                  WEB ID: PAYPALSI77",-103.00,ACH_DEBIT,-101.72,,
DEBIT,02/28/2022,"ROCKET FUEL MIAMI CORAL GABLES FL            02/26",-5.23,DEBIT_CARD,1.28,,
DEBIT,02/23/2022,"Amazon web services aws.amazon.co WA         02/22",-3.92,DEBIT_CARD,6.51,,
DEBIT,02/22/2022,"72744 - 1444 BISCAYNE MIAMI FL               02/19",-15.00,DEBIT_CARD,10.43,,
DEBIT,02/18/2022,"COLON SUPERMARKET HIALEAH FL                 02/17",-24.37,DEBIT_CARD,25.43,,
DEBIT,02/17/2022,"ATT*BILL PAYMENT 800-331-0500 TX             02/16",-191.51,DEBIT_CARD,49.80,,
CREDIT,02/17/2022,"Zelle payment from ALIUSKA VELA 13692204192",20.00,QUICKPAY_CREDIT,241.31,,
CREDIT,02/16/2022,"Online Transfer from CHK ...8871 transaction#: 13681704740",10.00,ACCT_XFER,221.31,,
CREDIT,02/16/2022,"Zelle payment from JOSE A FERNANDEZ GORDO 13679970725",100.00,QUICKPAY_CREDIT,211.31,,
DEBIT,02/14/2022,"EXXONMOBIL    97580203 OPA LOCKA FL          02/12",-50.15,DEBIT_CARD,111.31,,
CREDIT,02/14/2022,"Online Transfer from CHK ...8871 transaction#: 13659199070",40.00,ACCT_XFER,161.46,,
DEBIT,02/11/2022,"MONTHLY SERVICE FEE",-12.00,FEE_TRANSACTION,121.46,,
DEBIT,02/11/2022,"TRYHACKME LTD    IAT PAYPAL 1018440509172   WEB ID: 770510487C",-10.00,ACH_DEBIT,133.46,,
CREDIT,02/10/2022,"Zelle payment from ALIUSKA VELA 13543541317",50.00,QUICKPAY_CREDIT,143.46,,
CREDIT,02/08/2022,"DoorDash, Inc.   DoorDash,  ST-L2A0C1R4S5M8 CCD ID: 4270465600",89.25,ACH_CREDIT,93.46,,
DEBIT,02/07/2022,"AT&T   *PAYMENT 800-288-2020 FL              02/04",-70.70,DEBIT_CARD,4.21,,
DEBIT,02/04/2022,"AMZN Mktp US*VL4WD2D Amzn.com/bill WA        02/04",-31.99,DEBIT_CARD,74.91,,
CREDIT,02/03/2022,"Online Transfer from CHK ...8871 transaction#: 13590504633",10.00,ACCT_XFER,106.90,,
CREDIT,02/03/2022,"Zelle payment from ALIUSKA VELA 13589992373",80.00,QUICKPAY_CREDIT,96.90,,
CREDIT,02/03/2022,"Online Transfer from CHK ...8871 transaction#: 13589931278",150.00,ACCT_XFER,16.90,,
DEBIT,01/26/2022,"INSUFFICIENT FUNDS FEE FOR A $103.00 ITEM - DETAILS: PAYPAL           INST XFER                  WEB ID: PAYPALSI77",-34.00,FEE_TRANSACTION,-133.10,,
DEBIT,01/26/2022,"PAYPAL           INST XFER                  WEB ID: PAYPALSI77",-103.00,ACH_DEBIT,-99.10,,
DEBIT,01/21/2022,"YOUFIT CLUB      CLUB FEES                  PPD ID: 1710602737",-26.73,ACH_DEBIT,3.90,,
CREDIT,01/21/2022,"Online Transfer from CHK ...8871 transaction#: 13500865324",10.00,ACCT_XFER,30.63,,
